4912 7360
626 1594 2112 239 eydliches zeügseme die h₎n von Griffensee betreffend

2941 1625 343 159 A 1481

1289 1778 522 184 Kònigsfeld₎

779 1993 3414 153 Ich, Hanns Schaffner, vogt zuͦ Hornûszkon und Hertznach, thuͦn kundt mengklichem mit disem

914 1993 3291 221 brief, das ich an offem, verbannen gericht zuͦ Hertznach gesessen bin an stat und in namen des edlen,

908 2128 3254 165 strengen herren Mangen von Habsperg, mins gnedigen herren, ✳ und da fûr mich komen sind ✳ die

939 2189 3230 196 fûrsichtigen Cuͦnrat Wydmer, der alt jarzitt meister zuͦ Kuͤngszfelden, ✳ an stat und in namen der

921 2257 3284 208 erwùrdigen und geistlichen frowen und gantzen convents des loblichen closters zuͦ Kûngzfelden ✳ und

908 2342 3390 209 Uͦlrich Meyger, vogt im ampt im Eygen, ✳ an stat und in namen des ampts im Eygen, ✳ und wantend

908 2434 3310 197 da fûr ingericht durch iren verdingten fûrsprechen, ✳ wie sy einer kunttschafft, in namen wie

921 2514 3346 196 vorstat, sich deren im rechten zegebruchende zuͦ haben nottdûrftig weͤrend, ✳ deren sy sich beziehen

921 2594 3370 202 weͤrend, ✳ uff den ersamen Hannsen Ryehener. ✳ battend mich do, den yetzgenanten Hannsen Ryehener

927 2674 3223 202 fûr mich ze besenden und in daran ze wysen, inen sollich kuntschafft und warheit, ✳ so verrˀ ime von

878 2735 3327 221 den sachen, ✳ sy an in ziehende, ze wùssende were, ze sagende ✳ und inen dann sollicher siner sagen ein

884 2821 3328 208 gloͤiplich urkund under minem ingesigel ze geben, das ich ouch also umb irer ernstlichen bete und

908 2925 3297 178 ouch dess willen, ✳ das man kuntschafft der warheit ime rechten nyemant versagen noch abschlahen sol, ✳

884 3011 3321 166 getan, ✳ und den benanten Hannsen Ryehener fûr mich besannt ✳ und im kuntschafft der warheit

859 3097 3291 165 in der sache, ✳ so dann die obgenanten Cuͦnrat Wydmer und Uͦlrich Meyger in namen, wie obstat,

878 3177 3303 159 uff in zoch, ✳ nyemants zuͦ lieb noch zuͦ leyd, ✳ dann allein umb des rechten willen ze sagende gebotten

884 3244 3260 190 hab, ✳ der hat nuͦ, nach verhoͤrung dessz, ✳ so die vorgenanten Cuͦnrat Wydmer und Uͦlrich Meyger

890 3324 3229 190 uff in zoch geseit, ✳ wie im wol kund und zuͦ wûssen syg, ✳ das er ghoͤrt hab von herˀ Hēman

884 3416 3260 184 von Wolan, selig, ouch jungkhrˀ Peterman und junckherˀ Ruͦdolffen von Gryffensee, sim sun, seligen,

884 3502 3229 184 das sy spreͤchen, ✳ sy wolttend nit ein muͤttigen sack voller pfennīgen haben umb den Hilttespuͤhel

890 3569 3272 203 und woltend ouch den darumb nit geben, ✳ und die gemeltten von Gryffensee empfalhen ouch daby

896 3661 3322 190 allen iren diensten, ✳ alle die in Hilttespuͤhel fuͦren zuͦ pfenden und besonnder, die von Pruck, ✳ und soltend

902 3747 3242 172 inen das veh, das sy in Hilttespuͤhel funden, ins schlosz hin uff tryben, ✳ das beschach, ✳ und weͤre der ob¬

859 3821 3211 202 gemelt von Gryffensee, der alt, ✳ so guͤtig und geͤbe inen das allweg wyder, ✳ da spreͤche sin sun, ✳

853 3882 3248 227 jungkhrˀ Ruͦdolff, obgemelt, zuͦ im vatter: ich wil einanders mit den pfendern machen, ✳ und

865 3992 3328 178 empfalh daby allen iren diensten, ✳ was ir yegklicher pfeͣnder braͤchte, die soltend sine sin. ✳ er sige

878 4078 3291 196 ouch by viertzigk jaren da und der gemeltten von Gryͤffensee eygen und knecht gewesen ✳ und hab

871 4170 3353 178 nye ghoͤrt, ✳ das die von Pruck in Hilttespuͤhel zuͦ veld, noch zuͦ weyd toͤrsten faren, weder mit kleinem,

884 4244 3297 172 noch grossem veh. ✳ ouch hab er wol ghoͤrt, das die von Pruck einen weydgang ansprechen gon

878 4311 3248 197 Wyldegk in bach, ✳ sy haben aber den nye gebrucht, ✳ aber wol hab er sy den sehen bruͦchen bisz

853 4373 3322 227 an Wyssen Stein und an Langen Sarbach ✳ und haben ouch den im ampt nye wytter brucht, denn

865 4471 3316 196 wie erst gemelt ist. ✳ ouch hab er ghoͤrt sagen, das sy darnach ein richtung mitenander ge¬

865 4569 3254 184 troffen habend zwùschend denen obgemelttn̄ frowen von Kuͤngszfelden, ouch denen im ampt

859 4636 3310 215 im Eygen und denen von Pruck, ✳ das sy nit wyter soltend faren, denn bisz an Wyssen Stein, an

847 4716 3322 209 Langen Sarbach und nyenen in Hilttespuͤhel. ✳ dissz, wie vorstat, hett der gemelt Hanns Rye¬

853 4808 3230 215 hener geseit, nyemant zuͦ lieb noch zuͦ leyd, dann allein umb des rechten und der warheit

835 4888 3223 227 willen ✳ by dem eyd, so er harumb liplich zuͦ gott und den heiligen, mit uffgehepten fingern

871 4974 3242 220 und gelerten wortten gethon und geschworn hat. ✳ und das dissz sagen, wie vorstat, vor mir,

878 5047 3291 233 obgenantem vogt, ingericht also bescheen und geseit ist, so hab ich des zuͦ warem urkund und

871 5164 3242 196 gezûgknûssz min eygen ingesigel offennlich getan drucken by ende dirre geschrifft in disen brief,

865 5262 3273 178 der geben ist uff mentag nechst nach der eynliff tusent megten tag, in dem jar als man

871 5336 2364 269 zalt von gottes geburdt thusent vierhundert achtzigk und ein jar.

4015 5992 276 190 791/02

3862 6108 448 344 1481 X. 22.
