6379 4522
855 444 3989 125 Ich, Hans Torer von Waltzhuͦt, beken̄ offenlich mitt disem brief, als mir die erwirdigen, geistlichen frowen, eptissin und convent ze Kùngsfelden ꝫcꝭ,

897 523 3943 98 min gneͣdig frowen, ir guͤter ze Aͤspach, die ich vormaln von inen empfangen gehept, zekouffen geben habent ✳ nach in̄halt ir koufbriefs, ✳ mir darub̄ vō

889 576 3944 113 inen besigelt geben, der von wort ze wort also wist: ✳ wir, eptissin und convent ze Kùngsfelden, Santt Claren ord₎, Cōstentzer bistuͦms, bekēnent

889 629 3989 109 offenlich mitt disem brief, das wir nach guͦter zitlicher vorbetrachtung unser̄ und unsers gotzhus nutz damitt ze fùrdern ✳ fùr uns, ✳ unser gotzhus un̄ nach¬

870 689 3989 577 komen ze Kùngsfeld₎ ✳ dem erbˀn Hansen Torer von Waltzhuͦt ✳ zuͦ hand₎ sins selbes und siner erben ✳ die guͤter, so unser gotzhus und wir dahar ze Aͤspach, ob To¬

897 738 3261 113 gern bi Waltzhuͦt gelegē, ✳ gehept ✳ und im die vormaln umb drù pfund haller geltz ✳ gelichen hattent, ✳ die siēt widem odˀ nitt, ✳ mitt

4128 738 113 68 allen

4154 742 690 83 und jegklichē stuken, so dar¬

893 795 3951 113 in un̄ zuͦ nach in̄halt unser urbar an acker, ✳ wisen, ✳ holtz, ✳ vaͤld, ✳ hus, ✳ hof, ✳ wun̄, ✳ weid, ✳ wasser, ✳ wasserleitinē und andˀm ✳ jendert gehoͤrēt oder gehoͤren sollēt ✳ mitt dē

904 855 3940 105 jetzgen̄ zins und aller zuͦgehoͤrd, als wir im die vormaln, wie vor staͧt, ✳ gelichen gehept ✳ eins steten, vesten und ewigen koufs, in kraft und urkùnd dis briefs, recht

806 904 4042 113 und redlich vˀkouft und ze kouffen gebē habēt ✳ umb vierzig Rinsch guldin, ✳ der wir von im, dem genēpten Torer, in unsers gotzhus und unsˀn kuntlichē nutz ✳ gātz

901 964 3951 102 bezalt sind. ✳ indisem kouf ist ouch in sundˀs berett ✳ und uns damitt vorbehalten ✳ all zechenden von den obgen̄ guͤtˀn ✳ und darzuͦ und mitt all zins und zechēd₎

893 1013 3951 117 und was sich von den guͤtˀn ✳ und dero wegen unsˀm gotzhus, uns und unsˀn nachkomen ✳ herin ✳ zegebend, ✳ zetuͦnd ✳ und dienent ✳ gebùrt, ✳ es sie von der Blaͤsier

893 1066 3944 105 guͤtˀn odˀ andˀn, ✳ das alles sol hinfùr allweg ✳ als dahar ✳ unsˀm gotzhus, uns und unsern nachkomen ✳ zuͦgehoͤren, ✳ gevolgen ✳ werden ✳ und den Torer, sin erbē und

919 1130 3918 113 nachkomen nùtzit beruͤren, ✳ usgenomen den zins, darūb der Torer, ✳ die obgen̄ guͤter, wie vorstat, ✳ empfangē, gehept und aber den mitt den guͤtˀn, als oͧch vor

912 1187 3947 113 staͧt, ✳ abgekouft haͧt. ✳ was sich aber von derselbē obgen̄ guͤter wegen ✳ hinus zetuͦnd und dienent ✳ gebùrt, ✳ es sie mitt wuͦcher, vich davō zehabēt ✳ odˀ andˀm ze¬

904 1232 3955 128 tuͦnd, ✳ nùtzit usgenomen, ✳ sond der Torer, sin erbē und nachkomen ✳ jetz und hinfùr allweg in irm costē ✳ habē ✳ tuͦn und unser gotzhus, ✳ uns un̄ unser nachkomen

916 1296 3890 120 darin̄ verstaͧn ✳ und uns gantz nùtzit beruͤren. ✳ wir hand ouch dem Torer der stucken, ✳ so zuͦ den obgen̄ guͤtern nach in̄halt unser urbar gehoͤrēt ein schrift

901 1349 3928 120 vō unsmˀ urbar geben. ✳ und wir entzichent und entwerent uns ouch daruf ✳ fùr uns, unser gotzhus und nachkomen ze Kùngsfeld₎ ✳ des vorgen̄ koufs und

919 1394 3978 135 der guͤter und gùlt darin̄, als vor staͧt begriffen, ✳ und gebent soͤlichs lidklich uf, in und zuͦ handen Hansen Torers, dickgen̄t, und siner erbē, ✳ setzent si ouch in nutzlich

916 1454 3962 132 gewerd in̄zehabēt, zenutzēt, zeniessent ✳ un̄ damitt zetuͦnd und laͤssent, ✳ als mitt dem iren ✳ aͧn unsers gotzhus, ✳ unser und unser nachkomen ze Kùngsfeld₎, ✳ ouch mēg¬

912 1507 3906 143 klichs von unser wegen sumen, irren und insprechen. ✳ wir gelobent inē ouch daruf in wis und fùr als vor ✳ dis koufs in den gedingen, so vor staͧnd, recht werē ze

916 1571 3921 136 sind und des guͦt sicher werschaft nach recht zetuͦnd, ✳ wo, ✳ wen̄, ✳ wie ✳ und als dick sich das hinfùr gebùrt und zeschulden kumpt, ✳ ouch wider disen kouf, wie vor staͧt,

919 1624 3921 139 disen brieff noch eynich ir in̄halt ✳ niemer zeredent, ✳ zetuͦnd noch vˀwilligē zebeschechn̄ ✳ in eynich wise, ✳ sunder das alles war und staͤt zehalten ✳ und vˀzichēt,

931 1684 3921 139 uns ouch darùber fùr uns, unser gotzhus und nachkomen zuͤ Kùngsfeld₎ aller schirm, hilf und uszùgen, ✳ geistlicher und weltlicher gerichtē, rechtē, gesetzten,

927 1737 3913 147 fryheitē, gnaden, fùnden und mittnamē alles des, so wir odˀ jemand hiewider ✳ erdencken, ✳ fùrzichen, ✳ geniessen ✳ uns behelfen, ✳ inē geschaden ✳ odˀ dawider sampt

904 1789 3959 144 oder sunder jemer sin moͤcht, ✳ ùbˀal in eynich wise, ✳ alles luterlich aͧn alle geverd, ✳ inkraft und urkùnd dis briefs, ✳ daran wir, obgen̄t eptissin und cōvent ze Kùngs¬

931 1854 3939 143 felden, fùr unser gotzhus, uns und unser nachkomen ✳ unser ampts und convents daselbs ze Kùngsfeld₎ des alles zewarem, steͣtē und vestem urkùnd insigel

904 1918 3974 128 gehenckt habent, und also vˀsigelt geben ist ✳ uff sampstag naͤchst nach santt Niclaus tag ✳ im winter, ✳ nach Cristi gebùrt vierzechenhundertsechzig und

923 1982 3925 128 zwey jar. ✳ ✳ und wie wol die obgen̄ min gnaͤdig frowen fùr sich, ir gotzhus und nachkomen ze Kùngsfeld₎ sich gen mir und minen erben ✳ nach in̄halt

919 2038 3884 128 des jetzgeschribnen briefs ✳ einer unbedingten werschaft ✳ des koufs halb ✳ verschrib̄e ✳ und mir damitt der stucken, ✳ der guͤtˀn ✳ ein schrift uss und von irm urbar ✳

916 2095 3928 128 geben habent ✳ ꝫcꝭ, ist denocht zewissen, ✳ das soͤlichs durch min und andrer von minē wegen ✳ ernstig bett und mir zefùrdrūg und lieb ✳ die stuck, des fùro zebe¬

923 2155 3876 136 hebn̄ und ervolgen mogen, ✳ beschechn̄ ✳ und abˀ im kouff und deshalbē nitt anders noch witer berett noch vˀlassen ist, ✳ den̄ also ✳ ich, obgen̄ter Hans Torer, ✳ min

912 2219 3932 124 erben odˀ nachkomen ✳ gewinnēt odˀ vˀlierent, ✳ an odˀ mitt der jetzgemelten ir urbar schrift ✳ oder der stucken, halb darin̄ beschriben, ✳ vil, ✳ wenig, ✳ ùtzit odˀ nùtzit, ✳ oder

916 2279 3943 117 was sich deshalben macht odˀ begit, ✳ es sie ze gewin, ✳ ze costen, ✳ ze vˀlust ✳ oder wie sich das gefuͤgt, ✳ beruͤrt min gneͣdig frowen, ✳ ir gotzhus und nachkomen ze Kùngs¬

923 2336 3936 120 feldē gantz indehein wise, ✳ sunder mich, min erbē und nachkomen und wir sond si ouch darin̄ ✳ vor allē costen, ✳ schaden ✳ und in allweg ✳ verstaͧn. ✳ ✳ und si sind uns

908 2400 3902 121 ouch darumb noch umb disen kouf fùro deheiner werschaft noch ùtzit anders schuldig, noch vˀbund₎, weder jetz noch hinfùr, in eynich wise den̄ im kouff, luter be¬

916 2460 3917 128 rett ✳ ist, ✳ das mitt ùbergeben der urbarschrift, die ich ouch han, ✳ die werschaft des koufs gantz soͤlt beschechn̄ und si uns deshalben gantz nùtzit vˀbundē, noch

938 2517 3917 128 fùro pflichtig sin in keinen weg. ✳ und das sol ouch also und nach in̄halt dis, mins vˀschribens un̄ nitt nach in̄halt des koufbriefs, den ich vō inē hab un̄ vorge¬

931 2588 3913 125 schribē staͧt, ✳ der werschafthalb, ✳ jetz und hinfùr, allweg ✳ bestaͧn, ✳ beliben, ✳ und ich, ✳ min erbē und nachkomē, ✳ si ir gotzhus und nachkomen ze Kùngsfeld₎ nitt witer

916 2641 3879 136 ersuͦchē, ✳ anvordˀn, ✳ bekùmbˀn, ✳ noch wir dawider reden, noch tuͦn, in eynich wise, ✳ sundˀ sond wir, ✳ ich, min erbē und nachkomē, das alles war und steͣt haltē bi

919 2705 3876 136 unsˀn guͦtē truwen ✳ und uns davor, noch widˀ gantz nùtzit behelfen, schirmē, ✳ inen schaden, ✳ noch dawider sin, ✳ dehein gericht, ✳ recht, ✳ uszug, ✳ fund ✳ noch ander

912 2773 3936 121 ursachē ùbˀal in eynich wise, alles ungevarlich, in kraft und urkùnd disz briefs, ✳ ✳ mitt des edeln und vesten junckher Wilhelms von Griessen, mins gnaͤdigē

912 2837 3917 128 liebn̄ junckhˀn, der bi diser abredūg, wie vor staͧt, ✳ gewesen ist, ✳ angehencktē insigel fùr mich, ✳ im und sinen erbē aͧnschaden, ✳ nach minˀ bett und darundˀ ich oͧch

927 2894 3872 124 mich, min erbē und nachkomen diser sach ✳ brestēhalb eigens insigels ✳ vestēklich vˀbind und des alles zuͦ warē, vestē urkùnd offenlich vˀsigelt un̄ minē

912 2950 3781 185 frowen von mir gebē uff sun̄tag nechst nach santt Niclaus tag im winter, nach Cristi gebùrt vierzechenhundertsechzigundzwey jar. ✳
