4912 7360
1584 1680 2026 202 Wir, Appollonia, gräffin von Hochenberg, ✳ äptiszin, ✳ unnd

1436 1833 2211 154 gemeine conventfrouwen zuͦ Küngsfeld, ✳ bekhenen offendtlich

1553 1938 2106 135 mit disem brieff, ✳ das wir mit guͦtter vorbetrachtung unnd ein¬

1547 2036 2063 129 häligem rhat ✳ dem ehrsam̄en Cuͦnradt Sädelman, ✳ dem müller

1492 2097 2204 160 zuͦ Müllinen, ✳ zuͦhanden syn selbs ✳ unnd syner erben ✳ zuͦ einem rechten

1479 2220 2205 147 unnd stätten erb lechen gelichen hand ✳ unnd lychend im ✳ in krafft

1522 2324 2168 141 disz brieffs ✳ unser mülli zuͦ Mülinen ✳ mit aller ihr zuͦgehördt,

1522 2422 2217 166 nichts uszgenom̄en noch hindan gesetzt, ✳ umb sechszechen mütt kernen

1528 2508 2180 172 järlicher gültt, ✳ jerlichen je uff sant Martins tag zewärend ✳ an

1510 2637 2235 153 des nach genempten end, ✳ namlichen dry mütt ✳ unnd zwey fiertel

1510 2704 2253 178 kernen ✳ dem ehrwürdigen meister Hansen Staffer, ✳ lüttpriester

1528 2815 2143 178 zuͦ Baden, ✳ unnd zwen mütt roggen Sant Anthonien zuͦ Brugg,

1535 2919 2136 221 synen pflegern, ✳ unnd den übrigen zinsz, ✳ so vil sich disz gebürtt,

1528 3042 2137 165 unns, obgenempter äptiszin ✳ unnd convent, ✳ unnd unsern nach¬

1516 3134 2223 196 khomnen ✳ alles an unseren costen ✳ unnd schaden. ✳ unnd damit söllendt

1547 3238 2161 184 ouch der genempt Cuͦnradt Sädelman ✳ unnd syn erben die vor¬

1547 3367 2130 153 gemeltten müli, ✳ mülistatt, hüser ✳ unnd hoffstett ✳ unnd alles,

1510 3453 2216 190 das so darzuͦ gehörtt, ✳ namlich vier nüwe reder mit wendel¬

1547 3575 2124 197 böümen, ✳ kamprederen, ✳ vinibringen ✳ unnd zapfen, ✳ das er alles

1565 3686 2088 171 nüw inn derselben müli funden ✳ unnd zuͦ syn ✳ unnd syner erben

1565 3802 1983 166 handen ✳ nach erbs ✳ unnd mülirecht ✳ mit den gedingen, ✳ alls

1522 3894 2088 190 hernach stadt, ✳ von unns empfangen ✳ unnd bracht hatt, ✳ ouch die

1541 4005 2057 196 stein inn der müli, all zuͦsamēn gemeszen, dryer ellen dick,

1522 4121 2192 190 die all ✳ unnd jedtlicher besonder ✳ brüchig unnd guͦtt gewäsen sindt, ✳

1541 4225 2112 184 zwo wannen, ✳ zwey büttelfasz, ✳ ein büttelstand, ✳ dry hämēr, ✳

1498 4373 2204 165 ein hebysen, ✳ ein fierttell, ✳ ein imi ✳ in guͦtten, redlichen büwen

1528 4489 2106 166 unnd ehren haltten ✳ unnd laussen ✳ unnd unns ✳ unnd unseren nach¬

1541 4569 2173 178 khomnen ✳ die nitt anders, dan inn sölichen guͦtten ehren, ✳ das sy

1547 4685 2179 197 den vorgeschribnen zinsz ✳ woll geltten ✳ unnd getragen mag, ✳ ufgeben. ✳

1547 4814 2229 166 unnd ob er ✳ oder syn erben dheinest ir grechtigkeit an der vorgeschribnen

1528 4900 2241 184 müli verkouffen ✳ oder hinlychen wöltten, ✳ das söllendt sy unns

1547 5035 2222 190 unnd unseren nachkhomnen ✳ vor mengklichem anbietten ✳ und unns,

1535 5127 2198 190 ob wir wöllen ✳ sölichen kouff ✳ oder lychung ✳ umb ein sölich geltt

1547 5268 2081 245 alls anderen ✳ zuͦ unseren handen ✳ geben ✳ unnd volgen lassenn. ✳
