5476 4759
575 388 3353 119 Wir, priorin und convent ✳ des closters zuͦ Santt Ursuln̄, ze Arow in der statt in Costentzer bistuͦmb gelegen, Brediger ordens, bekēnēt offenlich mitt

682 376 3286 175 disem brief, als unser gotzhus, jetzgen̄t, und wir ✳ dahar gehept habēt zwey guͤter im ampt im Eigen bi Kùngsfelden gelegen, ✳ die uns von wilent Adelheitē

690 376 3282 230 Elfingerin, unser cōvent swester, alhie seliger gedaͤchtnisse, ✳ ankomen ✳ und gelegen sind, das ein ze Lupffen, buwt jetz Hans Habrer daselbs und gilt jerlichs zins

690 555 3254 79 dritthalbē mùtt kernengeltz und galt vor vier mùtt kernengeltz, ✳ das ander ze Biraloͧf, buwent jetz Filip Gremlich und Clewi und Ruͦtschman, vischer daselbs, und gilt

698 598 3226 84 jerlichs zins ein mùtt kernengeltz, ✳ ✳ das wir mitt hand, gewalt, wissen und willen ✳ des fromen, vesten Ludwig Zechenders, jetz schulthn̄ ze Arow, und unsers ✳

682 626 3278 99 vogts, und er also in vogtz wise mitt uns und wir mitt im als unserm vogt ✳ nach guͦtˀ, zitlicher vorbetrachtūg und ein helligē raut darub̄ under uns mitt im beslossē,

694 682 3278 95 unsers gotzhus und unsˀn bessern nutz damitt zeschaffen, ✳ gemeinlich und unverscheidēlich fùr unser gotzhus, uns und all unser nachkomen, priorin und convent daselbs

694 729 3289 95 ze Arow und all unser voͤgt, ✳ die mitt uns herzuͦ vestenklich verbundē, ✳ die vorgen̄ zwey guͤter ze Lupffen und ze Biraloͧff ✳ mitt ir jerlichē gùlt, ✳ so si, als vor stât, jetz geltē odˀ hin¬

694 769 3297 103 fùr jemer geltē werdēt, und damitt ouch die zins, so uff jetz und vor davon gevalln̄ ✳ und unbezalt usstand und der wir si mitt unser schrift underwist ✳ habent, ✳ mitt ackern,

670 801 3290 99 matten, wun̄, weid, steg, weg ✳ und allem dem, so von recht oder gewonheit ✳ darin und zuͦ jendert gehoͤrt, ✳ mitt aller begriffung, fryheit, rechtūg, harkomen und zuͦgehoͤrd,

678 848 3333 111 wie den̄ soͤlichs die genēpten Adelheitē Elfingerin, selig, vō irn vordern ✳ und uns vō ir ✳ ankomen ist, ✳ ouch si und wir das alles bishar in̄gehept, harbracht un̄ genossē habēt

682 884 3290 103 fùr recht, fry, ledig eigen und unbekùmbˀt eins ufrechtē, redlichen, frigen, steten, vestē und ewigen koufs, ✳ mitt aller sicherheit und gewarsami vō recht oder gewonheit ✳

698 920 3293 107 darzuͦ gehoͤrent und notdurftig ✳ verkouft und zekouffen geben habent ✳ in kraft und urkùnd dis briefs ✳ den erwirdigē, geistlichen frowen, eptissin und convent des wirdigē

682 1003 3309 79 closters ze Kùngsfeld₎ und ir nachkomen, Santt Claren, ordens Costentzer bistuͤms, und mittnamen frow Annan Fundlin, jetz pflegerin ir jarzitamptz daselbs, an ir statt und

678 1019 3329 91 zehanden desselben ir jarzitampts umb drissigundnùndhalben Rinsch guldin, ✳ der wir darub̄ von inen und dem jarzitampt in unsers gotzhus, ✳ unser und unser nachkomen,

690 1066 3301 80 obgen̄t, ✳ kuntlichen nutz ✳ gantz bezalt sind. ✳ und darub̄ entzichent und entwerent ✳ wir, obgen̄ ✳ verkoͤuffer, ✳ priorin und convent ✳ des egen̄ closters ze Arow, ✳ uns ✳ fùr das¬

694 1110 3301 83 selb unser closter, ✳ uns und all unser nachkomen, priorin und convent daselbs ✳ mitt hand und gewalt ✳ des vorgen̄ unsers vogts und er mitt uns als vor ✳ des obgen̄ koufs

690 1146 3282 83 und der guͤter darin̄ begriffen mitt irn zinsen und aller zuͦgehoͤrd, als vor stat, ✳ ouch aller gewerd, besitzung, innemūg und aller unser vordrūg, recht und ansprach daran und

682 1201 3290 75 zuͦ und gebent das alles ledklich uf in und zuͦ handen der obgen̄ unser frowen, ir gotzhus und nachkomen, zuͦ handen ir jarzitampts zuͦ Kùngsfelden und setzent ✳ si ✳ das

690 1241 3341 87 jarzitampt und des pfleger, ✳ des alles in nutzlich, ruͤwig und volkomen gewerd ✳ den kouf, die guͤter und zins mitt zuͦgehoͤrd, als vor, ✳ zuͦ des jarzitampts handen, nutz un̄ bruch

694 1292 3317 80 in̄zehaben, ze besitzen, ze besetzen, ze entsetzen, zenutzen, ze niessen und in allweg damitt und derhalb zetuͦnd zelassent und zewandlent, ✳ als mitt irm eignē, unbekùmbertē guͦt,

682 1332 3305 79 nach irm nutz und willen, aͧn unsers closters, obgen̄t, ✳ unser, ✳ unser voͤgten und nachkomen, ouch mengklichs von unser wegen sumen, irren und insprechen. ✳ ✳ wir geloben

686 1372 3325 87 inen ouch daruf in wise und fùr, als vor, ✳ disz koufs und der guͤter und zins mitt zuͦgehoͤrd, als vor staͧt, ✳ fùr recht, fry, ledig eigen und unbekùmbert, als vor, ✳ recht weren zesind

690 1423 3325 80 und inen des guͤt sicher, redlich, volkomen werschaft und was sich darzuͦ und derhalb gebùrt in unserm eignē costen ✳ fùr mengklichs irrūg, ✳ ansprach, ✳ abzichen ✳ un̄ gebresten

710 1455 3353 91 fùr unser closter, obgen̄t, uns und all unser nachkomen daselbs voͤllēklich und àn alle fùrwort un̄ inzùg zetuͦnd, nach lands recht, in und usswendig gerichten un̄ allēthalbē

702 1499 3309 95 ouch gen mengklichē, wo, ✳ wen̄, ✳ wie, ✳ gen wem, ✳ und als dick inen das notdurftig ist, ✳ und hinfùr zeschulden kumpt. ✳ und das alles ✳ ouch disen kouf und brief mitt aller ir in̄¬

690 1546 3349 87 halt gantz, war, staͤt und vest ze halten, ✳ getruwlich ze volfuͤren und dem nachzekomen, ✳ ouch dawider niemer zeredent, ✳ ze tuͦnd ✳ schaffen, noch vˀwilligen getaͧn werdē, ùber¬

698 1590 3309 91 al in eynich wise. ✳ wir hand inen ouch mitt disem kouf ùber und ingeben ein instrument, wist, wie unser gotzhus und uns ✳ die vorgen̄ guͤter und gùlt vō der Elfingerin,

674 1618 3345 99 obgen̄t, ✳ an komen ist. ✳ und ist uns nitt wissent, das wir dehein brieff, mer darub̄ wisent, ✳ habent, ✳ oder uns von ir odˀ jemand der guͤter halb worden ✳ oder jendert wissent

694 1673 3305 95 sie. ✳ wurd aber hinfùr jemer ùber kurtz oder lang zit deheiner funden oder uns zuͦhanden komen, ✳ der ✳ oder die brieff, so also funden wurden oder gezoͤugt, ✳ und darzuͦ all andˀ

690 1717 3301 95 kuntschaft und gewarsami, so wir der guͤter halb an zinszbuͤchern, roͤdlen odˀ anderm ✳ habent, ✳ vindent ✳ oder darub̄ wisent, ✳ die sond soverˀ si die guͤter und zins bewisent un̄

694 1752 3321 107 derhalb ✳ gen uns ✳ und wider si ✳ gantz tod, kraftlos, hin, ✳ ab ✳ uns unnutzlich und unhilflich und inen in allweg unscheͣdlich sin, ✳ den̄ diser kouf und brief mitt ir in̄halt sond

702 1800 3293 99 jetz und hinfùr allweg in kraft bestaͧn und das nùtzit hindern, ✳ noch dawider sin ✳ in die noch ander wise, ✳ sunder sond wir und unser nachkomen inen soͤlich brief, wo wir

674 1844 3317 99 die hinfùr jemer vindent oder uns zuͦhand₎ koment, ✳ bi guͦtē truwen und aͧn fùrwort und verzichen ✳ hinusz geben, so dick das zeschuld₎ kumpt. ✳ ✳ und vor allem dem, so ✳

682 1887 3333 99 diser kouf und brief bewisent sol, uns vilgen̄ verkoͤuffer, priorin convent, ✳ all unser nachkomen und unser closter ze Arow, ✳ gantz nùtzit behelfen, schirmen, noch wir

674 1923 3341 119 dawidˀ ze hilf noch schirm fùrzichen, ✳ bruchen, ✳ geniessen ✳ noch sin ✳ dehein hilf, ✳ schirm ✳ fùr, ✳ in ✳ noch uszug ✳ eynicher unsers gotzhus und ordens, noch andrˀ geistlicher noch

694 1967 3333 126 weltlicher rechten, ✳ gesetztē, ✳ gerichten, ✳ lùten, ✳ fryheitē, ✳ gnaden, ✳ gewonheitē, ✳ uszùgē, ✳ fùnden ,✳ noch eynicher andern sachen, ✳ so wir odˀ jemand hiewider erdencken, ✳ fùr zichen, ✳

694 2002 3313 135 bruchen, ✳ geniessen ✳ uns behelfen, ✳ inen geschaden ✳ oder hiewider sin moͤcht, ✳ ùbˀal in eynich wise, den̄ wir uns des alles in diser sach fùr unser closter, ✳ uns ✳ un̄ unser nach¬

690 2089 3297 88 komen ze Arow mitt hand und gewalt unsers vogtz, als vor, ✳ gantz entzigen und dis alles getàn habēt und tuͤnd, ouch wissentlich nach aller notdurft und wie das jetz

694 2086 3317 138 und hinfùr allweg kraft, macht und handveste habn̄, ✳ und staͤt belibn̄ sol und mag, ✳ gantz aͧn alles bekrencken und widertriben, ✳ alles ungevarlich, ✳ inkraft und urkùnd disz briefs,

686 2133 3333 135 mitt unsers convents, des vilgen̄ closters zù Arow, ✳ und darzuͦ ouch mitt des vorgen̄ Ludwig Zechenders, unsers vogts, ✳ angehenckten insigeln, ✳ in wisz un̄ fùr als vor stât ✳ das¬

706 2181 3285 127 selb unser closter uns und all unser nachkomen, priorin und cōvent daselbs, ✳ und unser voͤgt von unser wegen, ✳ damitt diser sach ✳ wissentlich ✳ zebewisen, ✳ zeùbersagen und des

686 2220 3325 139 alles ze warem, vestem un̄ ewigen urkùnd offenlich versigelt. ✳ und ich, Ludwig Zechender, obgen̄t beken̄ mich ouch hiemitt diser vogty und alles des, so diser brief von mir be¬

690 2308 3337 79 wist, ✳ und das ich das alles mitt dē obgen̄ minē frowen priorin un̄ cōvent ze Arow ✳ und si mitt mir ✳ als irm vogt und in vogts wise fùr mich un̄ min nachkomē, ir voͤgt, gehandelt

698 2320 3313 142 und disen brief besigelt hab mitt inen, doch mir und minē erben suss gantz aͧn schaden. ✳ dis ist beschechn̄ und diser brieff also besigelt gebn̄ uff santt Martins tag, nach Cristi ✳

682 2387 960 151 gebùrt vierzechenhundertsechzig und drù jar. ✳
