6342 4888
880 635 3130 163 Ich, Marquart von Baldegg, ritter, herˀ ze Schenkemberg, beken̄ offenlich mitt disē

1055 757 2833 106 brief, das ich uff siner dat ✳ Werna Stillin von Stilli und sinen lechenerben den

1051 822 2959 127 halben teil einer matten mitt ir rechtūg und zuͦgehoͤrd, gelegen in Ital, ist die obrest

1039 892 2987 126 der driger matten, so der Vischer gewesen und lechen sind, ✳ und er und Uͦlrich Lener

1047 977 2882 114 hand die von Hansen Vischer, dem mùller von Rùfnach, erkouft und also geteilt,

1027 1063 2893 106 zuͦ rechtem manlechen gelichen hab und lich inen die, was ich inen daran von

1051 1128 2861 110 und durch recht lichen sol, mag oder zetuͦnd hab, nach dem die von alter har ze¬

1031 1209 3008 127 lechē komen und gebracht ist, in̄zehabent, zenutzēt, zeniessent und mir un̄ minē

1039 1262 2922 151 nachkomē hnˀ zû Schenkembˀg davon und mitt gewertig, gedienstig un̄ gehor¬

1051 1348 2898 146 sam zesind und tuͦnd alles das, so lechēman irm lechenhern von ir lechnen

1047 1437 2955 131 wegen schuldig sind nach lechens und lands recht, sitt und gewonheit ungevar¬

1035 1523 2930 138 lich, des er mir ouch gesworn und ein gegenbrief geben hât. ✳ mitt urkùnd disz

1039 1608 2857 127 briefs, ✳ mitt minem angehencktem insigel des zuͦ warem urkùnd vˀsigelt,

1039 1686 2934 151 geben uff donstag nach mittervasten, nach Cristi gebùrt vierzechenhundtˀ

1014 1767 881 204 fùnfzigundfùnf jar. ✳
