7360 4912
1539 622 3573 168 Wir nachbenemptē, Peter von Griffense und Niclausz Fricker, jetz schulth̄s ze Brugg, bekennēt offenlich mitt disem brieff, ✳ als von diser hienach gemeltē sachen wegē zweyūg

1625 695 3454 131 zwyschent den erwirdigē ✳ unsern gnedigē frowen von Kûngsfeldē ✳ und irn amptlûten an einē ✳ und den verrē von Windisch am andˀn ✳ gewesen, die so ver komen sind,

1608 753 3492 135 das ein rechtag ✳ darub̄ fùr unser gnedig herrē von Bern ✳ durch den ersamē, wisen Hansen Frencklin, des ràts daselbs, uff fritag nechstkomēt angesetzt ✳ und abˀ uff hûtt,

1608 806 3488 131 datū dis briefs, ein frùntlich tag zwyschēt inē, ✳ namlich uff unser gnedigē frowē sitt an ir statt und vō ir wegē ✳ durch die ersamen, wisen Ruͦdolf Nieszlin, hofmeister,

1629 855 3450 139 Uͦlrich am Buͤl und Cuͦnrat Widmer, pfruͦndˀ zuͦ Kûngsfeldē, ✳ ✳ und uff der ferrē sitt ✳ durch die ersamē ✳ Uͦlrichen Grûlich, ✳ altschulth̄s zuͦ Brugg, ✳ Hemman, ✳ Henszlin und

1625 908 3475 139 Ruͤtschmā Waltman, ✳ Heinī Wechtˀ, ✳ Weltin Mûller ✳ und Ruͤdin Senfer ein frùntlich tag gehaltē, ✳ daruf ir zweyung vor uns geoffnett, als hernach kurtzlich begriffē ist.

1625 974 3442 131 namlich erklagtē sich unser gnedig frowē ✳ hofmeister und pfruͦndˀ, vorgenant, ✳ wie die selbē unser gnedigen frowē uff und von dem far ze Windisch hettē dryg

1629 1015 3455 135 mûtt kernē ✳ und zwoͤlff schilling haller gelts ✳ ewiger gùlt, ✳ daby inen uff drissig mùt kernē ✳ und sechs pfund haller versessnˀ zinsz usstuͤnden, die die ferrē unsern

1629 1064 3479 143 frowē nitt bezaltē und etwas inzûgē taͤten, ✳ die unser frowē ✳ und si unbillich beduͤchtē, ✳ ✳ und begertē an die ferrē, davō zestând und unser frowē um̄ soͤlich ir zinsz

1625 1129 3491 131 guͤtlich usz zuͦ richtē. ✳ dawidˀ die ferrē antwurtē, ✳ si rettē unsˀn gnedigē frowē in soͤlich ir zinsz nùtzit ✳ den̄ so vil, die selbē unser gnedigē frowē ✳ hettē irn vorfarn

1612 1170 3472 139 und inē dahar allweg und alle jar zuͦ fer̄lon gebē ✳ zwey pfund haller, ✳ der sich ir amptlût, obgenant, jetz widertent ✳ und inē die zuͦ gebn̄ nitt meintē, ✳ das si unbillich

1621 1244 3479 127 beduͤcht ✳ und meinten, unser frowē und ir amptlût ✳ soltē inē die gebē ✳ und die usstelli daran ander obˀn usstelli der zinsz vor abzûchen, ✳ als je dahar beschechē wer,

1616 1285 3488 139 woͤltē si inē daruf die ùbrigē ✳ usstandē zinsz gern bezaln. ✳ ✳ dawider abˀ unser gnedigē frowē hofmeistˀ und ir pfruͦnder, vorgenant, rettē und meintē, unser gnedig

1625 1342 3438 139 frowē ✳ und si vō ir wegē werent den ferren ✳ der zwey pfundē halb gantz nûtz pflichtig, ✳ sunder die ferrē verbundē, ✳ si und das ir ân lon zefuͤren, ✳ und des selbs

1604 1391 3504 135 bekan̄tlich, ✳ wol rettent si nitt dawidˀ, die zwey pfund werent gebē, ✳ aber allein durch frûntschaft und dhein recht ✳ und, als si gehoͤrt hettē, angefangē, do sich unser gne¬

1625 1457 3499 123 dig frowē und ir gotzhusz ✳ ab irm hoff uff Oberhart beholtzen und die ferrē desz halb vil kumber, kost un̄ muͤg, ir geschirr zuͦ vertigē un̄ fuͤren, habē muͤstē, ✳ ✳ das aber

1625 1518 3475 123 nitt mer notdurftig, so wer ouch das ampt im Eigē ✳ sidhar mitt aller herlikeit und rechtūg an unser gnedig frowē und an ir gotzhusz komē, ✳ darub̄ soͤlich ir muͦtung

1600 1551 3504 135 aber des unbillicher, ✳ und den ferrē wer vil un̄ dick gesagt un̄ abgekûndt, die zwey pfund nitt mer gebē soͤllen noch wellē. ✳ ✳ unser frowē un̄ si woͤltē noch soͤltē inē ouch

1608 1612 3492 135 die ✳ weder vˀsessen noch kûnftig zinsz, ✳ ouch des noch dheins fêrlons halb ûberal nûtzit gebē noch verbundē sin, ✳ si wurdēt den̄ des mitt gewarsamy, der zuͦ recht

1637 1665 3467 136 gnuͦg wer, ✳ oder mitt recht zetuͦnd underwisen, ✳ sunder soͤltē die verrē ✳ unsˀn gnedigē frowē ir zinsz, der si gichtig werēt, ✳ usrichtē, ouch si und das ir von hin als da

1616 1719 3476 139 har ân lon fuͤren, als billich wêr, ✳ odˀ sy woltē darub̄ irm geseztē rechtag zuͦ Bern, vorgemeldet, ✳ nach komē. ✳ ✳ dawidˀ abˀ die verrē nach als vor meintē, inē soltēt die

1621 1768 3508 143 zwey pfund ✳ wie vor stâtt gevolgē und abgezogē werdē ꝫcꝭ, mitt mer wortē beidˀ teiln, die alle herin̄ zemeldē nitt notdurftig sind. ✳ uff soͤlich vˀhoͤrung der sach hand wir

1616 1817 3517 147 obgenantē, Peter vō Griffense und Niclausz Fricker, frûntlich darin̄ gerett ✳ un̄ gesuͤcht so verˀ, das wir sy beid teil darub̄ und umb soͤlich ir zweyung, nach ufgebē un̄ getruwē

1625 1895 3459 127 darub̄, vō beidē teiln nach notdurft un̄ wie gewonlich un̄ billich ist an unser hand beschechen, mitt ir beider teil wissen un̄ willē entscheidē und die usgesprochē also: ✳ ✳ die

1625 1932 3491 151 zwey pfund haller gelts, so die ferrē an unser frowē als vor statt vordˀnt, ✳ sond mitt allē vˀsessnē, unbezaltē, gegenwùrtigē und ouch kûnftigē zinsen ✳ gantz hin, ✳ ab ✳ und

1612 1989 3533 151 unser gnedig frowen, ir gotzhusz un̄ ir nachkomē den ferrē gegenwûrtig und kûnftig deszhalbē gantz nûtzit pflichtig noch vˀbundē. ✳ ✳ und nûtzit des minder sond die ferrē

1625 2054 3483 144 un̄ ir nachkomē ✳ unser gnedigē frowē un̄ ir gotzhusz zuͦ Kùngsfeldē amptlût, pfruͤnder, dienst und ir guͤt von hin als biszhar ân lon und ân fùrwort, als soͤlichs harkomē

1616 2099 3508 152 und dahar beschechē ist, ✳ ze fuͤren un̄ inē ir zinsz, die drig mùtt kernē ✳ und zwoͤlff schilling haller gelts, vō far nach lutt un̄ sag ir urbar un̄ nach zinsz recht jerlich usz¬

1604 2173 3512 135 zerichtē un̄ zaln vˀbundē sin. ✳ ✳ die ferrē sond ouch unsern gnedigē frowē um̄ und fûr die vˀsessnē zinsz, vorgemeldet, ✳ die drissig mùtt kernē und sechs pfund haller ✳ oder

1625 2226 3532 135 so vil des ist, mindˀ oder mer, uszrichtē und gebē zechē mût kernē zuͦ soͤlichē ziln und tagē, so wir darub̄, ob sy desz halbē nitt guͤtlich eins werdē moͤchtē, ✳ sprechē un̄ bestȳmen

1600 2279 3524 131 werdēt, ✳ und der ùbrig vˀsessen zinsz an kernē und gelt ✳ gen dem, so vor stâtt, gantz hin, ✳ ab ✳ un̄ sy beidteil hiemitt um̄ soͤlich ir zweyung fùr sich, ir nachkomē, ir erbn̄ und meng¬

1596 2337 3545 139 klich vō ir wegē hiemitt gantz verricht un̄ vˀslicht sin ✳ und disen unsˀn frûntlichē spruch by dem obgenantē irm ufgebē, geloben und vˀsprechē haltē. ✳ ✳ wir hand òch zil un̄

1600 2406 3545 131 tag um̄ bezalung der zechen mût kernē, ✳ wand sy sich nitt einten, bescheidē und benempt uff san̄tt Martins tag nechstkomēt, die alldan̄ beschechē soͤllen ân fûrwort, ✳ und da¬

1612 2464 3492 127 mitt, wand der hofmeistˀ begêrt zuͦ wissen, wa by die zalūg also beschechē soͤlt, gesprochē, ✳ ob die zalung der zechē mût kernē, als vor statt, alldan̄ nitt beschaͤch ✳ odˀ wedrˀ teil

1621 2521 3487 123 unsˀn spruch, wie vorstâtt, nitt hielt, der soͤlt dem andˀn sin sach und zuͦsprùch vˀfallen sin ✳ alles ungevarlich. ✳ ✳ und des zuͦ warē, vestē urkûnd hand wir obgenantē, Peter von

1604 2570 3516 131 Griffense und Niclausz Fricker, ✳ disz unsers spruchs unsˀn gnedigē frowē von Kûngsfeldē nach begerē ir hofmeisters disen brieff, mitt unsˀn angehencktē insigeln, ✳ doch

1600 2636 3508 155 uns und unsˀn erbē ân schadē, offenlich vˀsigelt, geben, do wir den spruch also getan habn̄t, ✳ namlich uff sunnentag vor dē heiligē balmtag, nach Cristi gepûrt vier¬

1596 2746 839 119 zechenhundertfûnftzigund siben jar.

1342 2177 119 201 Nõ
