6890 4871
2505 612 2606 220 Wir, Albrecht, von gottes gnaden ✳ ertzhertzog ze Osterreich, ✳ ze Steir, ✳ ze Kernden ✳ und ze Krain, ✳ herr

2379 750 2732 138 auf der Windischenmarch ✳ und ze Portnaw, ✳ graf ze Habspurg, ✳ ze Tirol, ze Phirt ✳ und zu ✳ Kiburg, ✳ markgraf ze Burgaw ✳ und lantgraf

2362 832 2721 101 in Ellsazz, ✳ bekennen, ✳ so wir nach verleyhung goͤtlicher miltikait in fùrstlichem stand geborn ✳ und gesetzt sein, ✳ allen unsern

2375 880 2773 102 undertan ✳ mit ordenlicher regirung ✳ fùrsehung zetun, ✳ sein̄ wir dannoch begirlicher, zefurdern ✳ die wirdigen gotshewser, ✳ dadurch

2367 921 2785 114 der gestifft gotsdinst ✳ in seinem wesen bestee ✳ on abgangk, ✳ und die gaistlichen person, ✳ darin ergebn, ✳ ir lebtaͤg dester beruͤbter nach

2383 994 2757 85 goͤtlichem willen ✳ zu seligem ende ✳ mùgen besliessen. ✳ und wan auch wir ✳ sundere naygung haben ✳ zu dem lobsamen gotshaws ✳

2375 1031 2740 105 des closters zu Kùnigsfelden, ✳ im Ergew ✳ gelegen, ✳ Costentzer bistumbs, ✳ das ✳ von alter her ✳ durch unsˀ vordˀn, seliger gedèchtnùs, ✳ ge-

2379 1095 2773 98 stifftet ✳ und mit sundˀn gnaden ✳ alltzeit in sunderhait angesehē ist, ✳ und nw die ersam, gaistlich, ✳ die abtissin ✳ desselben gotzhaws ✳

2354 1152 2749 86 uns ✳ durch ir erber botschafft ✳ irer gnaden, freyhait, ✳ recht ✳ und herkomens, ✳ die ir vordˀn ✳ und sy ✳ von Roͤmischen kaysern ✳ und

2367 1201 2740 93 kuͤnigen, ✳ auch von andˀn fùrsten ✳ und herschafften ✳ erworben haben, ✳ underrichtet hat, diemuͤticlichen bitund, ✳ daz wir als regi-

2367 1258 2744 73 render erbfùrste ✳ diser unserˀ land ✳ ir die zu bestètten ✳ gnediclichen geruͤchten, ✳ haben wir angesèhen ✳ solich ir redlich bete ✳ und

2354 1294 2798 98 haben ir ✳ alle ir stifftbrief, ✳ gnad, ✳ freyhait, ✳ recht, ✳ guͤt gewonhait ✳ und loblich herkomen, ✳ so von weilend klarer gedeͤchtnus ✳ Roͤmischn̄

2375 1367 2736 82 kaisern, ✳ kunigen, ✳ fuͤrsten, ✳ graven, ✳ herschafften, ✳ unsern vordˀn ✳ und andern ✳ zu demselben gotshaus gegeben sind, ✳ und besunderlich

2358 1412 2769 93 die gab ✳ und in leibung ✳ der pharrkirchen Eylfingen ✳ mit irn zukirchen Boͤtzen ✳ und andˀn zugehoͤrungen, ✳ so von unsˀm gnedigen, liebn̄

2379 1465 2744 85 herren und bruͤder, ✳ ✳ dem Roͤmischen kaiser, bey zeiten seiner kuͤnigklichen wirden ✳ und als fuͤrsten des hawss Osterreich ✳ dem be¬

2362 1518 2749 85 nanten gotshaws ✳ zugeaygent sind ✳ nach laut seiner brief, ✳ milticlichen besteͤtt ✳ und besteͤtten ✳ die auch wissenlich mit crafft

2367 1562 2724 90 des briefs, ✳ also daz sy der nw hinfuͤr ✳ in allen iren puncten ✳ und artikeln ✳ voͤlliclichen geprauchen ✳ und genyessen suͤllen ✳

2379 1562 2716 138 und muͤgen ✳ in aller masse, ✳ als ob die von wort zu wort hier inn begriffen weͤren, ✳ on menigklichs irrung ✳ und intraͤg. ✳ dar¬

2367 1660 2732 81 auf gebieten wir den edeln̄ ✳ und unsern lieben getrewn̄, ✳ allen unsern lantvoͤgten, ✳ voͤgten, ✳ schultheissen, ✳ burgermaistern,

2367 1708 2740 94 richtern, ✳ reͤten ✳ und allen andˀn unsern undertanen, ✳ den der unser brief getzaigt wirdet, ✳ und wellen ernstlich, ✳ daz sy solich

2371 1769 2736 90 unsˀ besteͤttung steͤt halten ✳ und dawider nicht tuͤn ✳ noch das yemad zetuͦn gestatten ✳ in dhain weis. ✳ das ist unsˀ maynūg.

2362 1798 2725 109 des zu urkund ✳ haben wir unsˀ grosz, fùrstlich insigel ✳ an den brieff lassen hengken, ✳ geben zu Freiburg im Breisgew an

2379 1875 2708 126 montag vor sand Velenteins tag, ✳ des heiligen martrers, ✳ nach Cristi gebùrt ✳ viertzehenhundert ✳ und in dem vierund-

2383 1924 511 182 funfftzigisten jaren. ✳

4624 2062 130 117 d arˀd₎

4640 2143 94 191 in ꝯs₎
