7360 4912
1559 663 3582 122 Ich, Clewi Scherntzer von Luppfen, beken̄ offenlich mitt disem brieff, das ich dem jarzitampt ze Kùngsfeld von einē guͦt,

1592 736 3594 94 das ich von dem ✳ buw ,✳ jerlich zegebent pflichtig bin ✳ zwey fiertel kernē, sechs fiertel und drig fierling roggen, drig mùtt habˀ

1584 802 3598 98 und vierzechen schilling haller ewigs zinsz ✳ und das ich daby nach volkomner rechnuḡ, die ich darub̄ mitt der erwirdigen, wolgebornē

1612 863 3553 86 frowen, frow Evan von Erdbach, jetz pflegerin desselben jarzitampts, und Cuͦnrat Widmer, irm amptman, uff sun̄tag vor ✳ santt Matis tag

1592 916 3602 86 vor datū disz briefs nechstvˀgangen in biwesen her Caspar Gerwers, lùtpriesters ze Windisch, ✳ Hensli Zymermans von Bir und Uͤlrich Swanders

1584 961 3631 103 von Husen ✳ getan und darub̄ disz nachgeschribnē teding ervolget und ufgenomē hab, ✳ recht und redlich schuldig bin und blib vom sechsundfùnf¬

1580 1031 3643 102 zigisten jar und davor vier mùtt kernen, fùnfzechen mùtt, zwey fiertel und drig fierling roggen, siben malter und ein fiertel habˀn, nùn pfund

1580 1080 3557 111 und zwen schillīg haller vˀsessener zinsz, ✳ darub̄ Heini Lalli von Bir bùrg ist, ✳ des ich, der selb Heini Lalli, gichtig bin. ✳ und ist disz die teding hierub̄

1608 1129 3557 119 berett, mittnamen, ✳ das ich, obgen̄tˀ Clewi Scherntzer, oder min erben sond dem jarzitampt odˀ sinen pflegern ✳ fùr krieg und all sachen soͤ¬

1596 1182 3565 119 lich sum̄ der zinsen ✳ bezaln, ✳ als hernach stât. ✳ namlich sond wir inen hinfùr alle jar je uff santt Martins tag bezaln und geben den jerlichen

1584 1236 3610 143 zinsz vom obgen̄ guͦt, so je gevalt ✳ und sich als vor stat gebùrt, zwey fiertel kernen, sechs vierteil und drig vierding roggen, drig mùtt habˀn un̄

1604 1285 3590 139 vierzechen schilling haller, und darzuͦ und mitt an die obˀn usstelli ouch sovil, untz die gantz zalt wirt, ✳ und damitt das guͦt in buw un̄ eren

1612 1350 3529 119 halten nach lands recht. und welich zil hinfùr ich oder min erben vor dem letsten ✳ unbezalt ùbersaͤssen, ✳ also das wir daruff oder von dannen

1596 1404 3582 126 bisz wienacht nechstkoment die zwen zinsz, als jetz stat, allenklich nitt bezalten, desglichn̄ ouch uff das letst zil, ✳ oder das guͦt nach lands recht

1616 1469 3549 131 in buw und eren nitt hetten, ✳ den̄ oder dannenthin, wen̄ si wellent, mag die obgen̄t min gnedig frow, die jarzitpflegerin, ir nachkomē oder ✳

1616 1526 3533 131 ir amptlùt, ✳ knecht oder botten von ir wegen ✳ mich oder min erbn̄ von dem guͦt, dahar der zinsz gaͧt, ✳ mitt gericht odˀ aͧne triben, ✳ bringen

1612 1588 3488 123 und das zuͦ irn handen nemen, habn̄, besetzen, hinlichen und in allweg damitt tuͦn nach irm willn̄, aͧn min, ✳ obgen̄ Clewi Scherntzers,

1616 1641 3603 135 und ouch aͧn min, Heini Lallis, ✳ unser erben und mengklichs von unser wegen sumen, irren und insprechen, ✳ den̄ wir sond dannethin allweg

1629 1702 3536 127 gantz von dem guͤt sin, dehein vordrūg, recht noch ansprach daran noch zuͦ ✳ nitt mer haben, ✳ gewinnē ✳ noch si ✳ noch in̄habˀ des guͦts, so

1608 1764 3582 123 danēthin daruff komēt, das buwent, habēt odˀ besitzent, ✳ daran noch deshalbn̄ weder sumen, irren, bekùmbˀn noch dehein unkomlich sach

1625 1821 3565 115 zuͦfuͤgen noch tuͦn, weder mitt worten, wercken noch in ander wise, sunder si daran und deshalb gantz unbekùmbˀt, unersuͤcht un̄ unansprech¬

1633 1878 3524 115 ig habn̄ und lassen. und darzuͦ sol inen denocht nùtzit des minder ir recht zuͦ uns umb die unbezalten zinsz, so vil der wer, ✳ behalten und er¬

1625 1936 3499 118 loupt sin, untz die gantz zalt werden, also das uns davor noch wider gantz nùtzit schirmen, behelfen, wir fùrzichn̄ noch geniessen, sundˀ bi

1616 1997 3578 127 dem, so vor stât, ân alle fùrwort bestan sol, ✳ als ouch wir, obgen̄ Clewi Scherntzer und Heini Lalli, das fùr uns und unser erben in wise, als

1637 2054 3524 131 vor stât, an Cuͦnrat Widmers hand an statt als vor ✳ bi unser truw ✳ gelopt und versprochen habent. ✳ doch ist herin̄ fùro be¬

1616 2108 3566 122 rett, das ich, obgen̄tˀ Scherntzer, oder min erbn̄ mogent das guͦt, obgen̄t, sampt oder sunder hinlichen, doch also, das es in buw

1633 2173 3532 135 und eren gehalten und die zwen zinsz jerlich davon bezalt werdent immasz, als vor stat. ✳ woͤltē abˀ ich oder min erbē unser

1621 2234 3540 123 recht am guͦt verkouffen, das wir ouch wol tuͦn mogent, dem jarzitampt an ir gerechtikeit daran ân schaden, oder suss

1629 2296 3541 123 davon gan, sollent wir dem jarzitampt und sinen pflegnˀ all usstand, vˀsessen zinsz davō usrichtē, bezaln un̄ tuͦn nach

1649 2365 3471 119 zinsz und lands recht alles ungevarlich. und des zuͦ warem, vestem urkùnd hand wir, egen̄ Clewi Scherntzˀ un̄ Heini

1637 2427 3516 110 Lalli, erbetten den fromen, vesten junckher Peter von Griffense, das er sin insigel fùr uns, darundˀ wir uns diser sach

1621 2492 3573 107 fùr uns in wise und fùr als vor stât wissentlich vˀbindent, doch im und sinen erben aͧn schaden, offenlich hât gehenckt

1629 2558 3586 155 an disen brieff, der gebn̄ ist uff sun̄tag vor dem heiligen pfingsttag, nach Cristi gebùrt vierzechenhundertfùnfzig

1641 2627 413 185 und siben jar. ✳
