6794 4884
1363 626 3464 179 Ich, Heinrich von Buͦbemberg, ritter, schulth̄s zuͦ Bern, beken̄ offenlich mit disem brieff, das ich innamen,

1392 748 3505 143 anstatt un̄ von heissens wegen minˀ hern von Bern disz nachgeschriben stuck und guͤter, namlich drig juchar¬

1400 818 3476 146 ten ackers, gelegen ze Biraloff under der Steig, ✳ aber ein klein bletzli ackers vor Eichhalden, item zwo juchar¬

1400 895 3448 138 ten ackers, gelegen ze Halderwanck, der ein ist genan̄t der Stadacker, ✳ der ander heisset Riedmatt, aber vier

1396 989 3423 130 bletz ackers, sind zwo jucharten, lit eins under der Steig, stost anden weg, das ander heisset dˀ Breitacker,

1408 1054 3387 134 aber den̄ eins undˀ der Kintzensteig, stost ouch anden weg, und das vierd heist die Lowimatt, lit in der

1404 1159 3419 127 von Halderwanck twing, ✳ die ✳ den̄ Hensli Cuͦntzen von Schintznach innamen, anstatt un̄ zuͦ handen

1400 1229 3415 134 Iten Dussin von Biraloff, siner swester, und als ir vortrager zù lechen empfangen und nachmaln

1432 1322 3403 126 wider uffgebn̄ hàt ✳ zuͦ handen Heinin Frigen des alten von Scherntz, dem ouch soͤlich lechen von der

1428 1400 3363 142 Dussin zuͦ kouff gevolget und damitt die brieff ùbergeben sind ✳ ꝫcꝭ, ✳ im, dem selben Heinin Frigen, und

1449 1477 3395 151 sinen erben zuͦrechtem, frigem lechen ✳ mitt aller rechtūg und zuͦgehoͤrd ✳ gelichen hab und lich inē

1445 1566 3374 147 die, was ich inen ✳ daran ✳ von ✳ un̄ durch ✳ recht ✳ lichen sol, ✳ mag odˀ zetuͦnd hab ✳ nach lechens un̄ lands¬

1441 1656 3362 134 recht, die in̄zehabent, zenutzent, zeniessend und minen hern un̄ der statt von Bern davon und

1445 1737 3370 122 mitt gewertig zuͦsinde un̄ alles das zetuͦnde, das lechenlùt irn lechenhern von ir lechnē wegen

1432 1843 3375 114 pflichtig und verbunden sind zetuͦnd, ✳ des er mir ouch gesworn hàt, ✳ alles ungevarlich. in kraft und

1441 1916 3419 131 urkùnd disz briefs, mitt min, des obgen̄ schulth̄n, angehencktem insigel offenlich versigelt un̄ gebē

1432 1990 338 118 ze Baden

1721 1978 118 73 uff

1766 1986 3118 171 mittwuchn̄ nechst vor san̄tt Mateus tag, des heiligen zwoͤlffbotten und ewangelisten, nach

1416 2071 2333 204 Christi gepùrt do man zalt vierzechenhundertfùnfzigunddrù jar. ✳
