7360 4912
1289 1125 4273 123 Ich, Hansuͦlrich von Luternow, beken̄ offenlich mitt disem brief, ✳ das ich uff siner dat ✳ dis hienachgeschribnen zwey guͤter ze Biralof und da umb gelegen ✳ mitt ir rechtūg und

1395 1195 4163 102 zuͦgehoͤrd, als die von Trostberg har ze manlechen komen ✳ und vormaln Uͦlrich Etterlin von Brugg, von wilent dem edeln und vesten Ruͦdolfen vn Luternow, minē

1391 1088 4229 266 lieben bruͦder seliger gedaͤchtnisse, nach in̄halt der briefen, darub̄ gebn̄, ✳ und nachmaln von mir ✳ gelichen sind ✳ von im, dem selbē Etterlin, ufgenomen und die Ruͤdin Fluͤman

1387 1289 4225 119 von Biralof, ✳ der die von im ✳ umb zechen guldin ✳ gekouft haͧt, ✳ uff ir beider beger und bitt ✳ zuͦ rechtem, ledigen manlechen ✳ gelichen hab, ✳ nach sag der alten brief,✳ lich im

1424 1346 4147 107 ouch die also, was ich im von und durch recht daran ze lichen hab ✳ und tuͦn sol und mag, ✳ die von mir und minē nachkomen also ze manlechen ✳ in̄zehabēt, ✳ ze nutzēt, ✳ ze nies¬

1416 1391 4155 115 sent ✳ und uns davon gehorsam ze sind, ✳ zedienent ✳ und ze tuͦnd ✳ das ein lechēman sinē lechenherˀn von siner manlechen wegen zetuͦnd schuldig ist, ✳ das mir der selb

1424 1436 4175 119 Fluͤman also zetuͦnd gesworn haͧt ✳ und des ein widerbrief geben, ✳ ouch uns an der lechenschaft, manschaft und andˀn rechten aͧn schaden alles nach soͤlicher manlechē

1404 1481 4244 135 und lands recht und gewonheit ungevarlich. ✳ item und sind dis namlich die stuck beider guͤtern, nach in̄halt der egemelten briefen ✳ des einen guͦts, das ettwan

1387 1543 4225 118 des Dussen von Biralof gesin ist, ✳ sind dis die stuck: ✳ des ersten, ein halb juchart ackers ze Biralof undˀ der Steig gelegen obn̄ Uff dem Geishag ✳ und stost uff sin, des Fluͤmās

1387 1592 4225 119 acker. ✳ itē ein halb juchart ackers ze Biralof ✳ hindˀr des Dussen husz inder obˀn zelg, zwischēt sin, des Fluͤmans, guͤtern gelegen ✳ und genēpt Hermans Acker, ✳ stost an die husz¬

1404 1641 4195 127 hofstatt. ✳ itē vor Eichhald₎ bi Goͤttishusen ein halb juchart ackers, genan̄t Birkenacker, ✳ zwischēt sin, des Fluͤmans, guͤtˀn gelegen. ✳ item inder nidern zelg ze Biralof ein

1420 1698 4183 123 halb juchart ackers, genan̄t das Mùli Aͤckerli, ✳ zwischēt sin, des Fluͤmans, guͤtˀn gelegen. ✳ item ein acker, genan̄t der Grebler ze Biralof im wiger, unden an Fluͤmās acker

1408 1747 4200 123 bi der Ar ✳ gelegen. ✳ item ein mattbletzli lit ze Biralof hinder den hùsern ✳ nebent des von Mùlinon guͤt, das Fluͤman buwt. ✳ ✳ so sind die stuck des andˀn guͤts ✳ und das haͧt

1420 1805 4179 122 ettwan der Frig gehept und das vom Engelman erkouft: ✳ des ersten ze Goͤttishusen uff dem Reinacker ✳ ein aͤckerli an sin, des Fluͤmans, acker gelegen, ✳ stost hinab uff den

1404 1854 4183 123 Reinacker und hinuf an den weg. ✳ item vor der Eichhald₎ ein juch zwischent dez Dussen und sin, des Fluͤmans, acker gelegen. item unden am Ùtirein under der Steig

1404 1903 4146 127 in der zelg ze Biralof uff dem Rein lit ein aͤckerli, trett uff Dussen und Fluͤmans acker. itē ze Biralof uff dem Kurtzen Steiglin lit ein juchart ackers, ✳ genant Kalchbett, ✳

1404 1948 4191 135 zwischent der Steig und der rùti. ✳ aber ein juchart ackers ze Biralof undˀm Geishag, andes Dussen acker gelegen. ✳ item ein aͤckerli ze Biralof gelegen do das husz uff staͧt,

1412 2018 4110 118 stost anden weg und uff sin, des Fluͤmans, acker, ✳ und ein mattbletzli nid dem husz, underm weg an sin, des Fluͤmans, matten gelegen. ✳ aber ein aͤckerli inder obern ✳

1379 2058 4237 136 zelg ze Biralof gelegen an sin, des Fluͤmans, acker. ✳ aber eins aͤckerli daselbs ander Steinreiten am hag bim wolfbirboͧm gelegen, ✳ trett hin ab uff den weg. ✳ aber ein acker daselbs

1404 2116 4208 139 uff dem Rein an sin, des Fluͤmans, acker gelegen. ✳ und des alles zuͦ urkùnd han ich, obgenātˀ Hansuͦlrich von Luternow, min insigel offenlich gehenckt andisen brief, der

1391 2185 3009 193 geben ist uff den ersten tag brachmanodes, do man zalt von Cristi gebùrt vierzechenhundert sechzig und siben jar. ✳
