7360 4912
1359 1420 4613 115 Wir, nachgenempten Johānes Tschop, caplan der pfruͦnd im spital ze Brugg, Niclaus Fricker, altstattschriber ze Bern, und Claus Keiserisen, der Smid, burger ze Brugg, bekēnent offenlich

1465 1469 4503 119 mitt disem brief, als den̄ her Bilgri Staͤlli, lùtpriester zuͦ Brugg, die erwirdigen unser gneͣdigen frowen von Kùngsfelden jetz guͤtlich angevordert hat ✳ im das mùrli an der lùtpriestry

1453 1522 4560 115 hus ze Brugg, das den kilchof und das hoͤfli, das zum hus dienet underscheidt und aber bresthaft und ze machen notdurftig ist, ✳ ze machen, ✳ als im ouch das ✳ vormaln, do er die lùtprie¬

1465 1580 4519 114 stry ze verwechseln meinte, ✳ und aber uff unser frowen beger und bitt ✳ davon liesse und bi der lùtpriestry belib, ✳ soͤlle zuͦgesagt und aber unser frowen und ir amptlùt ✳ im des nach in̄halt

1432 1629 4519 118 sins verschribens gen inen, ✳ als wir verstuͦndent nitt meinten pflichtig sin, ✳ und sich denocht begeben habent, das durch ir amptlùt zebesechen lassen und den̄ fùro daruf zeantwurten

1432 1686 4470 115 ꝫcꝭ, das ouch uff hùtt, datū dis briefs, durch die ersamen Hansen Cristan und Uͦlrichē am Buͤl, ir hofmeister, und Cuͦnratē Widmer, irn pfruͦnder und jetz amptman ir jarzitampts,

1457 1735 4564 119 beschechē ist in biwesen des lùtpriesters und unser driger, obgen̄t, von beiden teiln darzuͦ gebetten. ✳ ✳ und wir, dieselben drig, obgen̄t, ✳ habent ouch daruf als frùntlich mittler beiderteiln

1457 1792 4486 115 halb darin gerett und gesuͦcht sovil, ✳ das wir si beideteil ✳ der sachhalb guͤtlich geeint habent als hernach stat. und namlich also ✳ der lùtpriester sol das mùrli in siner cost machē, also

1453 1837 4490 119 er sol es lassen oben abnemen soverˀ das bresthaft und notdurftig ist, ✳ und den̄ ufmuren als hoch die tùrpfosten sind und die tùr pfosten von steinwerck, ob er die gehaben mag,

1461 1887 4486 122 oder von eichinen holtz ✳ darin machen, ✳ do die tùr jetz stat oder im komlich ist, ✳ ouch den̄ das mùrli ob der tùr ✳ und allenthalben ✳ mitt ziegeln tecken, ✳ bestechen, ✳ bewerfen

1465 1944 4511 114 und nach aller notdurft usmachen lassen ✳ und dānethin in eren haben, ✳ alles in siner cost. ✳ und daran sond unser gnedig frowen im zuͦ hilf durch sin bitt, ✳ fruntschaft,

1465 1989 4474 119 liebe ✳ und deheins rechten willen noch anders ✳ schencken und geben vier guldin oder drig guldin und zwen mùtt kernen, wedˀs unsˀr frowen oder ir amptlùt wellent.

1461 2042 4474 115 und das sol ouch unsern frowen und irm gotzhus an dem instrument, so si vom lùtpriester habent, und in allweg an irem rechten gantz unvˀgriffen und aͧn schadē sin

1461 2099 4515 2817 und bliben, ✳ den̄ das instrument sol nùtzit des minder im sinen creften bestan und unser frowen deshalben bi irm rechten beliben als dahar alles ungenvarlich. ✳ und

1444 2144 4487 107 des zuͦ urkùnd habent wir, obgen̄ sprecher, dis unsers spruchs unsern gnedigen frowen von Kùngsfelden uff beger ir amptlùten disen brief, mitt unser, Niclaus Frickers

1481 2214 4479 127 und Clausen Schmids, angehenckten insigeln, von unser driger wegen, vorgenēpt, doch uns und unsˀn erben aͧn schaden, ✳ offenlich vˀsigelt ✳ geben morndes nach santt

1457 2292 2742 127 Johans tag ze sùngichten, do man zalt von Cristi gebùrt vierzechenhundertsibenzigundein jar. ✳
