4912 7360
1000 1600 2898 184 Wir, ✳ nachgenempten ✳ Clewi Merck von ✳ Schintznach, Hans Kilcher, ✳ Uͤli Meiger und Cuͦntzman Hofer ✳ von Vilingen, ✳ bek̄enēt offen¬

1135 1698 2751 129 lich mitt disem brief, ✳ als den̄ ettwas zweyung zwischent den erwirdigen, geistlichen, unsern gneͣdigen frowen vō Kùngsfeld₎

1129 1729 2745 147 und den erbern lùten des dorfs Riniken, in Boͤtzberger ampt gelegen, ✳ diser hienachgemeltē sachhalb gewesen, der si beidteil

1142 1809 2756 123 uff hùtt, datū dis briefs, inder guͤtlikeit ✳ zuͦtz und uff uns komen ✳ und gehandelt sind. ✳ also ✳ die genempten ✳ von Riniken ✳ offne¬

1135 1870 2751 111 ten ✳ ir zuͦsprùch zuͦ den genempten ✳ unsern frowen ingegēwùrtikeit ir ✳ amptlùten, ✳ hernach genempt, vor uns uff soͤlich mey¬

1129 1913 2733 117 nung, ✳ die selben unser frowen ✳ oder ir amptlùt hettent ein weg, den si zuͦ ir matten und guͤt, in ✳ Ital gelegen, ✳ gehept hettent

1142 1938 2726 147 in vergangner zit verkouft und sidhar ein weg ùber und durch das ir, ✳ der von Riniken, guͤter gemacht und gevarn, wider

1142 1981 2720 153 irn willen und unbillich. desglichen habent si inen ✳ ouch lang zithar verhept ✳ mitt irm vich in Ital ✳ zuͦ den ziten, so je der

1160 2066 2763 117 jerlich nutz ✳ ab ✳ den matten und dē guͦt inbracht wurd, ✳ und mitt irm kleinē vich indas achram daselbs ze varen un̄ weidē

1154 2085 2701 147 und inen ✳ das ✳ nitt gonnen wellen ,✳ das ouch unbillich und nitt alo harkomen wer ꝫcꝭ, des sich nū inkurtzen jarn der ✳

1142 2171 2732 122 edel und streng herˀ, her Marquart von Baldegg ,ritter, ✳ der zit herˀ ze Schenkemberg, ✳ nach irm anruͤffen angenomen

1154 2226 2744 116 und inder guͤtlikeit sovil darin̄ gehandelt hett, ✳ das die genemptē unser frowen den obgemeltē weg in und uss Ital ze¬

1135 2238 2763 154 varen und bruchen nach ir notdurft ✳ uff dem Wolfhag herfùr, do er jetz ist, ✳ bis ✳ andie stras, die von Raͤmingen gaͤt, ✳ habē ✳ und

1135 2287 2745 160 vor am weg bim Wolfhag ein estur, ✳ do es jetz ist und ein slos ✳ daran ✳ machen ✳ und inen, den von Riniken, ein slùssel darzuͦ

1142 2379 2799 129 und vom weg und ir anpsrach, obgemeldet, ✳ ein mùtt kernē zuͦ jerlichem zins ✳ geben ✳ und den mitt zwoͤlf guldin, wen̄ si woͤltēt,

1148 2385 2757 166 abloͤsen ✳ soͤltent und moͤchtent ✳ ꝫcꝭ, als das ✳ alles mitt mer wortē abgerett, ✳ und aber dē vō unsnˀ frowen nitt nachkomen, den̄ inē

1142 2428 2750 172 noch weder zins noch houptguͦt worden, ✳ und abˀ der weg nùtzit des minder genutzet sie ✳ ꝫcꝭ. und begertent daruf an uns guͤt¬

1142 2539 2744 116 lich daran ze sind, damitt inen, den von ✳ Riniken, ✳ von unsern frowen umb soͤlich houptguͤt und zins und namlich umb drig

1142 2582 2763 122 mùtt kernē vˀsessens zins und umb den kùnftigē bis uff die ablosung usrichtung bescheͣch und indem und andmˀ der abredung

1154 2637 2726 123 nachkomen wurd ꝫcꝭ, als si meintē billich zuͦ sind. ✳ dawider aber unser gneͣdigen frowen von Kùngsfeld₎ amptlùt, hernach

1166 2680 2732 129 genempt, rettent von einē andas ander und undˀ vil worten, uff meynūg der obgemeldet waͤg, in und uss Ital gieng, den

1135 2655 2757 197 von Riniken nitt durch nutzlich und schaͤdlich guͤter, ✳ den̄ durch das holtz bi dem Wolfhag herusz und meintē nitt, das soͤlich

1160 2790 2812 117 zins und houptguͦt nach ir vordrūg zegebent billich, ✳ ouch das deshalb dehein besluss durch unsˀn hnˀ von Baldegg beschechē,

1142 2796 2775 160 sunder von im vˀlassen, wer die sachen inschrift zuͦsetzen und der jetwedmˀ teil eine nach sinē besliessen ze gebēt, ✳ das abˀ

1142 2852 2769 153 nitt beschechen und bishar unbeslossen und aͧn ustrag also angestanden, ✳ doch wie dē was, noch beiden teiln dersachen

1148 2901 2769 159 halb nach der gestalt geburlich und billich sie ✳ begerten si zebeschechen ꝫcꝭ. ✳ und also nach beider teiln fùrbringen dˀ sach¬

1154 2999 2781 116 halb, mitt mer wortē beschechen, habent wir si beidteil darub̄ zeletst guͤtlich ✳ und nach zuͦsetzen und getruwen ✳ der sach unser

1154 2999 2769 165 frowēhalb ✳ durch die ersamen Niclaus ✳ Fricker, irn hofmeister, Uͦlrichē am Buͤl und Cuͦnrat Widmer, ir pfruͦndˀ, und der vō

1154 3048 2757 165 Riniken halb durch Hansen und Peter Schaffner und Uͤlin von Ursprung, von Riniken, ✳ mitt vollem gewalt beschechen, ✳

1148 3152 2744 104 mitt ir wissen und willen ✳ gericht. ✳ also ✳ des ersten soͤllent die von Riniken ✳ unser frowen von Kùngsfeld₎ mitt ir vich in

1160 3195 2812 110 Ital zuͦ allen ziten unbekùmbert lassen un̄ nitt dar varen, weder mitt kleinē noch grossem vich, ouch wedˀ in weid, achrā,

1160 3244 2806 104 noch zuͦ deheinē ziten, sundˀ des absin und unser frowē si ✳ indem und andnˀ stucken andem end ✳ haltē, als andˀ ir nach¬

1148 3293 2763 123 buren. ✳ unser frowen, ✳ ir gotzhus und nachkomen ze Kùngsfeld₎ soͤllent ouch den obgemelten waͤg zuͦ irn mattē und

1166 3256 2788 209 guͦt in ✳ Ital in und usz nach ir notdurft mitt irn wegnen und lùt, vich und andmˀ ze varent und wandlent an dem end,

1166 3397 2775 123 und do er ✳ jetz ist uff dem Wolfhag herusz und fùr bis anden weg, der von Raͤmingen her in gaͤt, ✳ jetz und hinfùr all¬

1160 3446 2757 117 weg ✳ haben ✳ und inē offen ✳ sin, nach notdurft zebruchen. ✳ und si mogēt ouch denselbē waͤg nach notdurft ✳ bessern un̄

1160 3496 2818 116 machen und stein und unschedlich holtz, wo si das bim weg zum nechsten und unschedlichisten vindent, ✳ darzuͦ nemen un̄ bruchē.

1154 3514 2806 153 si sollent ouch ein estur vor am weg bim Wolfhag, do es jetz ist, und ein guͦt sloss daran machen lassen, und hinfùr allweg ha¬

1166 3569 2769 147 ben und den von Riniken jetz ein slùssel darzuͦ gebē und jetweder teil das estùr nach in und usvaren widˀ besliessen und

1154 3612 2775 166 beslossen haben. ✳ die von Riniken sond ouch unsern frowen jetz holtz daselbs in irm holtz zuͦ den estur stùden geben und des

1166 3722 2782 111 hinfùr nitt mer vˀbundē sin, ✳ den̄ wen̄ unser frowen der hinfùr mer ✳ notdurftig sind odˀ werdēt soͤllēt un̄ mogēt si odˀ ir ampt¬

1160 3772 2806 116 lùt die von Riniken darub̄ und inē die zegebend bitten ✳ ir weͣgen und geschirˀ, so den weg bruchēt soͤllēt, ouch vom estur her¬

1166 3784 2769 153 fùr den rechten weg bisz anden stalden und die stras von Raͤmingen ✳ in und usz varen und nitt den von Rinikon ùbˀ ir guͤter.

1148 3876 2806 104 jetweder teil sol ouch durch sich und ir botten und knecht, die da usz und in wandlent, andem end ùber holtz und vaͤld des andnˀ

1154 3931 2781 104 teils ✳ ban̄wart sin, und darzuͦ zum getruwlichisten und besten und glicher wise, als zuͦ dem sinē sechen, ✳ und darin̄ fùr nemen,

1148 3937 2769 153 handeln und tuͦn, das ban̄warten geburlich notdurftig und billich ist, jetz und hinfùr, ungevarlich ✳ und umb und fùr

1178 4029 2763 123 soͤlichē weͣg und der von Riniken ansprach, vorgemeldet, ✳ soͤllent unser gneͣdigē frowen von Kùngsfeld₎ den von Riniken gebē

1160 4084 2788 117 zwoͤlf guldin bis sant Martins tag nechstkoment, ✳ das ouch mitt besigeln und usrichtē dis briefs beschechē ist. ✳ und hie¬

1166 4097 2775 153 mitt sond ouch si beidteil mitt und geneinandˀ fùr sich, ir nachkomen und die iren umb soͤlich obgemeldet zweyung ✳

1166 4158 2769 141 gantz und guͤtlich verricht sin, und allweg dabi bestaͧn, ouch von beidenteiln also gehalten ✳ dem nachkomē un̄ da¬

1154 4238 2843 104 wider nùtzit gerett, ✳ getan noch gebrucht werd₎, ùberal in enyich wise, ✳ bi dem obgemeltē irm ufgebē gelobē un̄ vˀsprechē,

1148 4293 2830 104 deshalben beschechen, alles bi guͤten truwen und aͧn all geverd, ✳ dis unsers guͤtlichen spruchs sind zwen brief glichˀ

1154 4305 2843 147 in̄halt gemacht, jetwedmˀ einer nach ir begeren und von unser wegen mitt des ersamen, wisen Benedict Heͣneggis,

1154 4360 2830 141 jetz vogtz zuͦ Schenckemberg, angehencktē insigel nach ir, und unser bett, des alles zuͦ warē, steͣtē und vestē urkùnd, doch

1160 4416 2763 177 im und uns, ouch sinē und unsern erben an schadē offenlich besigelt un̄ geben uff donstag nach santt Joͤrgen tag, ✳

1142 4508 1578 208 nach Cristi gebùrt vierzechenhundertsechzigund vier jar. ✳
