7360 4912
1465 716 4204 131 Menklich sy zuͦ wùssen von stoͤssen wegen, so lang zit gewaͤsen sint zwùschent der erwirdigen, geistlichen froͧwen, der jaͧrzit

1530 695 4192 242 meisterin von Kùngsfeld, von gemeins conventz wegen an einem, und etlichen von Gebistorff am andˀn teil, von des wegen, dz die

1514 871 4216 144 von Gebistorff meinent, inen sy soͤlich grosser schad von den wassern der Rùs und der Aren beschechen an iren guͤtˀn in der Oͧw, undˀ

1522 953 4216 139 dem Bruͤl gelegen, darumb si der genantē froͧwen etwas zinsen vorgehept hand und an si begert, inen fùr je die juchartē, so inē

1535 1027 4187 135 das wasser hin gefuͤrt hab, ein stuk jerlicher gùlt an den zinsen, so si jaͤrlich von den selb̄n guͤtern phlichtig ze gebn̄ syent, ab ze

1530 1113 4213 143 lassen. darzuͦ aber die vorgen̄t froͧw durch ir amptlùt geantwurt haͧt, ✳ die von Gebistorff kouffint und verkouffint ✳ soͤlich guͤtˀ

1530 1187 4225 147 von enander und bedunk si nit notdurftig sin, inen ùtz ab ze laͧssen, den̄ die guͤter waͤrint so guͦt, dz si gross gelt dar us lostin, und

1539 1273 4183 147 getruwtin nit, dz es jemā billich soͤlt sin bedunken, inen an iren zinsen ùtzit ab ze laͧssen. und do soͤlich clag und widerred beschach,

1543 1358 4224 140 hant dar in mit beiden teilen gerett die fromen, wisen Uͦlrich Edlibach von Zug, vogt zuͦ Baden, Hans Hùnenberg, alter schulth̄s

1543 1453 4204 127 da selbs, ✳ und ander erber lùt ✳ und sy mit ir beider wùssen und willen in eins braͧcht. dem ist also: des ersten, so sol unser gnedigi

1539 1522 4154 139 froͧw, die jaͧrzit meisterin, denen von Gebistorff, die sich soͤlichs schaden erklagt hand, ✳ fùr je die jucharten, so inen dz wasser

1535 1604 4224 143 hin gefuͤrt hat, an ir guͤtˀn, naͧch dem und si die gekoufft ✳ oder enphangen hand, jaͤrlichˀ gùlt an ir zinsen ein halb stuk ablaͧssen,

1547 1690 4208 143 halb an kernen und halb an habern. wer aber, das einē minder den̄ ein juchart hin gangen wer, dz es nit ein halb stuk bringen

1559 1772 4143 143 moͤcht, ✳ das sol bloss an kernen ab geschlagen werden. waͤr ouch, dz hin fùr in kùnftigem denen von Gebistorff an den vorgen̄ten

1547 1866 4163 135 guͤtˀn ùtzit mer hin weg gieng, so sol die obgen̄t jaͧrzit meistrin inen nit gebunden sin, ùtzit ab ze laͧssen, si tuͤ es den̄ gern. des

1555 1956 4212 123 glich sont die von Gebistorff nit gebunden sin, die guͤter lenger ze haben, den̄ inen eben ist, sunder mugent si die mit aller zuͦ ge¬

1543 2018 4175 155 hoͤrde naͧch landes recht uff gebn̄, wenne inē das fuͤget, von der jaͧrzit meistrin und irē amptlùten unbekùmbert. und sùllend

1547 2103 4212 156 also von der stoͤssen wegen mit enander gericht und geschlicht heissen und sin nu und hie naͧch und bi der richtūg beliben. und

1535 2214 4142 131 des zuͦ einem wären urkùnd, so habn̄ wir obgen̄ten, der vogt und der schulth̄s, beid ùnsri eignē insigel fùr ùns offenlich

1547 2284 4191 2636 gehenkt an disen brieff, alles das ze bestaͤten, so hie ob geschribn̄ staͧt, doch ùns und ùnsern erbn̄ aͧn schaden, der gebn̄ ist zuͦ

1539 2386 3491 196 usgender osterwuchen, alls man zalt von der geburt xp̄i tusent vierhundert fùnfftzig und zwey jaͧr. ✳
