6189 4895
1203 465 3170 155 Ich, Hensli Bind, vogt ze Gebistorff, ✳ bekenn offenlich mitt disem brieff, das ich daselbs ze Gebistorff im dorff an offner, frigen stràß und gewonlicher richt¬

1431 558 2930 82 statt ✳ mitt offem, vˀbannē gericht offenlich ze gericht gesessen bin uff sūnetag nechst vor santt̄ Gallen tag, nach Cristi gepùrt do man zalt vier¬

1419 391 2962 302 zechenhundertfùnfzigundein jar, innamen un̄ an statt der fùrsichtigen, wisen miner gnaͤdigen hˀn der eidgnossen und sunder des fromē, wisen

1407 652 2995 110 Uͤlrich Edlibachs von Zug, jetz ir vogts zuͦ Baden, mins lieben hern. ✳ und kam fùr mich und das gericht, vˀfùrsprechet nach recht, der erber Cuͦnrat

1423 717 2893 90 Widmer von Bir, pfruͦnder und jetz pfleger und knecht der erwirdigen frowē, frow Ursulen von Mùlinen, klosterfrowen und jetz pflegerin des

1431 766 2950 102 jarzitampts zuͦ Kùngsfeld, und mitt im der ersam Niclaus Fricker, jetz hoffmeister daselbs ze Kùngsfeld, innamen un̄ anstatt desselbn̄ jarzit¬

1423 803 2950 106 ampts, ✳ ouch minˀ gnaͤdigen frowen und des gotzhus zuͦ Kùngsfeld, und offnetē durch irn fùrsprechn̄, wie das inē und sundˀ im, Cuͦnrat Widmˀ,

1423 868 2946 102 als einē nùwen amptman, zuͦ wissend notdurft wer ✳ gewonheit, recht un̄ harkomen, so dasselb jarzitampt, ✳ ouch das gotzhusz un̄ min gnaͤdig

1427 925 2946 94 frowen von Kùngsfeld un̄ ir amptlùt und pfleger von des un̄ ir wegen ✳ hetten und habn̄ soͤlten zuͦ des gotzhus und jarzitampts guͤtern un̄

1423 987 2970 85 den, so daruff gesessen und davon belechnet ✳ oder dohin zinsber werent, und sunder und namlich alhie zuͦ Gebistorff. nun wer vormaln, als

1431 1023 2979 111 er vˀnomen hett, der zit, do Wˀna Rot pfleger und knecht wer, ✳ als er jetz sie, ✳ solich gewonheit, recht und harkomen vor gericht alhie ze Gebistorf

1427 1085 2958 97 eroffnet un̄ erscheint worden un̄ abˀ nū im und andˀn villicht nitt als eigēlich kun̄tt noch wissent als abˀ notdurft, ✳ und wer daruff minˀ frowē

1399 1154 2974 102 und ouch der jarzitpflegˀin, ✳ darzuͦ ouch sin un̄ mitt im des hoffmeisters, obgen̄t, von ir, ✳ ir gotzhus un̄ jarzitampts wegen begeren, das ich

1407 1199 2982 94 und das gericht uns darub̄ erin̄ern un̄ soͤlichs abˀ ingericht zuͦ kùnftiger undˀwisung und angedaͤchtnisse ✳ eroffnen un̄ erscheinē woͤltē,

1399 1264 3019 94 umb das sich min frowen, ir amptlùt un̄ pfleger, ouch die zinslùt darnach geneinander zehalten wisten, hofften un̄ getruwtē ouch, soͤlichs

1427 1325 2950 90 wer billich, und satztent das hin zuͦ urteil und recht. und wart inē ouch nach minˀ urfrag mitt einhelligˀ urteil beken̄t und zum rˀchtē ge¬

1440 1374 2957 102 sprochen, soͤlichs billich und ze tuͦnd sin. und daruff fragt ich, obgen̄tˀ richter, fùro disz nachgenēpten erber lùt ✳ als um̄ soͤlich obgemeldet ge¬

1427 1439 2987 86 wonheit, recht un̄ harkomen, wie soͤlichs an im selbs oder vormaln in gericht, ✳ als obgemeldet ist, ✳ eroffnet, erscheint odˀ vˀlaͤssen wer. ✳ und vandt

1452 1497 2901 85 sich an inē und mir, dem richter, obgen̄t, ✳ nach minˀ umbfrag einhellenklich, das die obgen̄ min gnaͤdigen frowen un̄ ir gotzhusz zuͦ Kùngsfeld

1415 1541 2978 94 von wegen ir un̄ ir jarzitamptes guͤtˀn soͤlich gewonheit, recht un̄ harkomen alhie zuͦ Gebistorff hand un̄ habē sòllent, also das si und ir nach¬

1440 1594 2970 107 komen all schulden, es sie zinsz, zechend₎, gelichn̄ odˀ ander schuld, so dhein person von Gebistorff inen schuldig sie odˀ werd, uff allem dˀ schuldnˀ

1440 1668 2949 77 guͦt, die werdent von geltschuld wegen bi ir lebn̄ odˀ nach ir tod beruͤft oder umbgestossen odˀ nitt, ✳ vorab vor allen andˀn schulden un̄ vor

1436 1705 3059 106 mengklichen habn̄ und davō gevolgen und werden soͤll ✳ àn menglichs sumen, irren und insprechen, doch vorbehalten schmiden und schnittˀn,

1436 1770 2982 98 ouch soͤlicher ꝑson un̄ lùten gedingten knechten ir schuld und lidlon, ✳ das die darub̄, namlich was des desselben jars vˀdien̄t odˀ uffgelouffen un̄

1440 1819 3006 98 nitt zalt wer, ✳ und nitt fùro vorab davon sond zalt werden, und anders niemand noch nùtzit. ✳ dawider sond ouch dieselbn̄ min gnaͤdig frowē,

1407 1876 2999 94 ir gotzhus un̄ nachkomen zù Kùngsfeld soͤlich schuld von den schuldnern zuͦ Gebistorff mitt dem gericht un̄ recht daselbs zuͦ Gebistorff durch sich,

1423 1925 2991 102 ir amptlùt un̄ pfleger bezichn̄ und si un̄ ir nachkomen darub̄ mitt dheinen froͤmbden noch andˀn gerichten noch àne ✳ bekùmbˀn noch fùrnemē,

1440 1998 2957 86 doch das inen darub̄ soͤlich recht ✳ nach des twings und gerichts recht zuͦ Gebistorff àn vˀzichn̄ und wie gewonlich un̄ billich ist gang un̄ gelang

1431 2043 2946 86 alles ungevˀlich. ✳ und also sie ouch die sach harkomen und vormaln ingericht durch si, ✳ die dabi un̄ mitt gewesen sient, ✳ eroffnet, ✳ erscheint ✳ und

1448 2104 2970 78 verlassen, ✳ dabi zeblibent und bestand. ✳ uff soͤlichs satzten die obgen̄ Cuͦnrat Widmer und mitt im der hoffmeister durch irn fùrsprechn̄ uff rˀcht,

1431 2161 2950 82 ob es nū bi soͤlicher gewonheit, recht un̄ harkomen, als die vor gelùtert und eroffnet ist, ✳ hinfùr nitt billich bestan und inē des brieff un̄ urkùnd

1440 2198 2970 102 vom gericht, des zuͤ kùnftiger angedaͤchtnisse, ✳ geben werden soͤlt. ✳ darub̄ fragt ich, obgen̄tˀ richter, abˀ urteil um̄ und wart nach soͤlicher miner

1419 2247 3080 2643 urfrag mitt einhelligˀ gesamnotˀ urteil uff den eid erteilt und gesprochn̄, ✳ soͤlichs billich zuͦ sind, ✳ namlich das es billich ✳ nū un̄ hinfùr ewklich bi soͤlichˀ

1431 2312 2991 102 gewonheit, recht und harkomen, wie vor stat, ✳ beliben ✳ bestan ✳ und also gehalten, inen ouch des brieff un̄ urkùnd vom gericht under des obgen̄

1444 2361 2876 94 mins hˀn, des vogts, insigel geben werden ✳ soͤll. ✳ und sind hiebi ingericht und des offner und urteilsprecher gewesen die erbˀn Hensli

1444 2410 2917 110 Meiger, ✳ Hans Leder, Clewi Mùller, Werna Oͧm, ✳ Heini Bachli, Hans Karli, Ruͤdi Meiger, ✳ Heini Bind, Cuͤni Frig, ✳ Heini Hūmel, Hans Rùseggˀ,

1448 2459 2945 119 Cuͤni und Hensli Kunner, Heini Bluͦm, all von Gebistorff, Hans Hūmel ab Koͤrnlisberg, Hans Spannagel ab Spannagelsberg, Clewi Brùgel

1436 2520 2933 102 von Wil und ander. ✳ und des alles ze warem, vestem un̄ ewigē urkùnd hàt der obgen̄t min herˀ, der vogt Uͦlrich Edlibach, sin insigel

1427 2578 2946 102 von des gerichts, ir un̄ minˀ bett wegen, doch unsˀn gnaͤdigen herˀn den eidgnossen, ✳ ouch im un̄ sinen erbn̄ àn schad₎, offenlich gehenckt

1444 2626 2962 168 an disen brieff, der minē gnaͤdigen frowen un̄ dem gotzhusz zu Kùngsfeld nach begeren un̄ immasz, als vor, also ze gebn̄ erteilt ist, des tags

1436 2749 489 102 und jars, als ob stàt. ✳
