7360 4912
2018 495 3135 131 Ich, Hansz Brun vō Seflingē, der koch, beken̄ offenlich mitt disē brieff, als ich dan̄ in disē nechstvˀgangnē jar zuͦ dē edeln, fromē un̄ vestē junckhˀn Petˀ vō Griffen-

2144 577 2997 86 see, ✳ minē gnedigē junckhˀn, komē un̄ sin gedingtˀ knecht wordē bin ꝫcꝭ, hab ich im̄ der zitt, do ich also vō sinē gnad₎ empfangen un̄ gedingt ward, ✳ mitt mund, hand,

2116 466 3045 258 wortē, wˀcken gelopt un̄ vˀsprochē ✳ in aller wisz un̄ màsz, als ob ich im̄ darub̄ einē eid liplich zuͦ gott un̄ den heilgē mitt uferhabnē vingˀn und gelertē wortē

2018 687 3106 94 geswarn hab, ✳ im̄ un̄ den sinē truwē dienst, ✳ ouch truw un̄ warheit un̄ irn nutz, er un̄ fromē zefûrdrēt und schadē zuͦwendē, als einē fromē gebûrt ꝫcꝭ.

2120 736 3037 94 das ich abˀ leidˀ nitt getân, ✳ un̄ darûbˀ undˀstandē hab, im̄ un̄ den sinē mitt minē ûppigen wandel, wortē un̄ wˀcken ✳ schand un̄ smach zuͦzefuͤgē, sachenhalb, her¬

2104 802 3061 86 in̄ zemeldē nitt notdurftig ✳ un̄ die vō minˀ ernstē bette wegē zuͦschribē undˀwegē gelausē sind, ✳ dar in̄ ich, obgen̄tˀ Hansz Brun, mich beken̄, leidˀ min truw

2063 839 3066 131 eid un̄ er groͤblichē un̄ treffenlichē ûbersechē habē, ✳ des ich ouch frigs un̄ unbezwungēs willens gichtig un̄ bekan̄tlich gewesē un̄ noch bin. ✳ und

2128 900 3021 106 daruf und nach dē un̄ soͤlichs an den selbn̄ minē gnedigē junckhˀn, junckhˀr Petˀ von Griffense, komē un̄ gelangt ist, ✳ liesz er also vō stund im Hiltēspuͦl

2120 970 2992 81 uff dē sinē ✳ und daselbs indˀ erwirdigē, geistlichē, minˀ gnedigē frowē zuͦ Kûngsfeld₎ ✳ hochē un̄ nidˀn gerichtē darub̄ durch sine knecht zuͦ mir

2108 1019 3008 106 griffē ✳ un̄ fuͦrt mich gon Wildegg in sin slossz ✳ und leitt mich allda in sin gefangknisse, ✳ doch inden wortē, dz ich daselbs sin un̄ ligē soͤlt, in wisz und

2136 1076 3001 94 masz, als ob ich indˀ genantē minˀ gnedigē frowē vō Kùngsfeldē gefangknisse leg ✳ un̄ vō ir gnadē amptlût gefangē und dahin gefuͦrt un̄ geleitt

2120 1137 3029 107 weˀ ꝫcꝭ. und wie wol nū der genāt min gnedigˀ junckher, ✳ junckher Petˀ von Griffense, als ein secher ✳ und die gen̄t₎ min gnedig fròwē vō Kûngs¬

2132 1199 3001 94 feldē um̄ un̄ vō der gericht un̄ herlikeit wegē ✳ mich, obgen̄ Hansē Brunē, ✳ darub̄ und um̄ soͤlichē handel ✳ an minē lib un̄ lebē wol hertˀ un̄ andˀs

2136 1252 3038 106 gestrafft habē moͤchtē, ✳ denocht um̄ gotz, ✳ unser liebē frowē un̄ andrˀ erbrˀ lùt ✳ un̄ minˀ ernstē bette un̄ anruͦffens willē, so habn̄t sy mich also

2149 1322 2971 102 ussz der gefangenschaft unberechtiget gelaussē, ✳ den̄ sy mir darub̄ rechts gern gestattet hettent, ✳ das mir abˀ zuͦ swer un̄ ûberlegē gewesen

2128 1367 3013 110 weˀ ꝫcꝭ. und hab daruf mins eignē unbezwungnē willē, frig un̄ ledig aller bandē gesworn ✳ einē eid liplich zuͦ gott und den heiligē mitt uf¬

2140 1440 2976 78 erhabnē vingˀn un̄ gelertē worten, ✳ das, so hˀnach stâtt, fûr mich, die minē und aller mengklichs vō minē wegē zuͦ haltē. ✳ des erstē der ge¬

2144 1485 2935 99 fangenschaft un̄ sachhalb ein ufrecht, redlich urfecht mitt wortē, wˀckē un̄ in allweg, ouch gen aller mengklichē, sy siēt geistlich odˀ weltlich

2140 1539 2989 118 frowē odˀ man, ✳ so her in̄ un̄ in diser sach vˀdâcht wˀden moͤchtē ✳ soͤlich gefangknisse handel ✳ und das, so vor und nach stâtt, gen niemāt, wer der ist,

2136 1608 3025 107 zuͦ aͤffˀn, ✳ zuͦ andē, ✳ zuͦ rechē, ✳ noch niemāt darub̄ noch der sachn̄ ✳ un̄ des handelshalb ze vechn̄t, ✳ ze hassēt, ✳ ze bekûmbˀnt, noch ze ersuͦchēt, wedˀ mitt ge¬

2128 1665 3037 111 richt, recht, noch âne. ✳ und wedˀ im̄, dē gen̄t₎ minē gnedigē junckhˀn, ✳ junckhˀr Petˀ von Griffense, ✳ noch dē sinē uff ir smach, schand un̄ laster

2124 1711 3000 110 nitt mer gân noch stân, ✳ noch mich der sachn̄, jetz noch hinfùr, niendˀt beruͦmē, ✳ wedˀ mitt wortē, werckē, noch in andˀ wise, ✳ noch dhein bottschafft

2144 1768 2997 114 schriftē, noch anders ✳ hin, noch widˀ, ✳ wedˀ heimlich noch offenlich, ✳ nûtt sendē, schickē, noch schaffē getân werdē, ✳ dz inē unkomlich un̄ schedlich sin,

2128 1825 3029 111 odˀ wesē mog. ✳ ✳ un̄ by dē selbē ✳ eid ✳ widˀ die obgen̄ min gnedig frowē vō Kûngsfeldē ✳ un̄ den gen̄t₎ junckhˀr Petˀ vō Griffense noch alle, die so

2140 1907 2984 98 zuͦtz inē gewant̄ sind, ✳ noch die irē, ✳ noch die inē ze versprechē stand ✳ zetuͦnd, ✳ wedˀ mitt froͤmdē gerichtē, rˀchtē, noch mitt dheinˀley sach in einich

2136 1952 2997 102 wise, ✳ sundˀ weˀ, dz ich andˀn sachenhalb an sy ûtzit ze sprechē hêtt odˀ gewūne, jetz odˀ hienach, das rˀcht ✳ durch min machtbottē un̄ vollē gewalt vō

2136 2018 2988 114 inē zuͦ nemē anden endē un̄ inden gerichtē, ✳ do dan̄ sy gesessē sind, ✳ odˀ dahin sy gehoͤrēt, ✳ un̄ soͤlichē rechtē gnuͦg ze sind un̄ getruwlichē nachze¬

2136 2075 2997 114 komē un̄ nûtzit andˀs fûrzenemē, ân alle geverd. ✳ und darzuͦ un̄ mitt solich ouch nach usgang dryer tagen, nechstkomēt, nach datū disz brieffs,

2140 2128 3017 98 die sy mir zuͦ Badē ze sinde erloubt habn̄t, ✳ von stund un̄ angentz, âne alle gnad, ✳ acht mil wegs, witt un̄ breitt in zirtzels wise vō Kûngsfeld₎

2144 2198 2976 110 und dē slossz Wildegg, obgen̄t, ✳ gân, ✳ ouch in Kûrer bistūm, hie, diszhalb den bergē und Rins halb belibn̄, ✳ noch fûr die klusz undˀ Veltkilch ge¬

2140 2251 3001 106 legē, hinuf ✳ noch nider zilen, dheins, so vor stând, niemeˀ mer komē ✳ un̄ ein nacht nitt belibē, noch sin, ✳ do ich die nechstē gewesē un̄ gelegen ✳ bisz

2140 2320 3021 95 uff die zitt und ich ussz dē obgen̄ zil komē bin âne gevˀd. ✳ wol ist mir dar in̄ usgesetzt Costentz un̄ Ûberlingē, ✳ ob die in wendig den ziln werent.

2140 2378 2989 94 ich sol ouch bi dē obgen̄t₎ eid den kostē und schaden, so der gefangenschaft halb ùber gangē un̄ ufgelôffen ist, ✳ so sich an zerūg gepûrt, zwey

2153 2443 3000 94 pfund, nûnzechē schilling haller und zwen guldin der brieff kostē ✳ in jârs frist, nach dâtt disz briefs, nechstkomēt, ✳ odˀ e ✳ und insundˀs davor,

2128 2488 3054 90 was ich je vˀmag in irn sichˀn gewalt werē und bezaln, an irn kostē. ✳ ✳ were abˀ sach, davor gott sie behüte, ✳ das ich der stuckē eins odˀ mer her in̄ benēpt,

2149 2550 2992 90 ûber seche, ✳ es weˀ durch mich selbs, die minē ✳ odˀ jemāt vō minē wegē, ✳ ouch wie un̄ in welich wise und das kūntlich weˀ odˀ wurde, den̄ ze¬

2136 2591 3095 102 stund un̄ angentz, solich ein meineidˀ erloser vˀzaltˀ man heissē un̄ sin an allē gerichtē, rechtē un̄ allenthalbē. ✳ un̄ moͤchtē ouch die obgen̄̄ min gnedig

2144 2648 3001 106 frowē vō Kûngsfeldē durch ir amptlût, ✳ als vō ir gericht un̄ herlikeit wegē ✳ und der genāt min gnedigˀ junckhˀr Petˀ von Griffense ✳ odˀ

2128 2709 3033 103 die sinē als secher ✳ zuͦ mir griffē odˀ griffē laussē ✳ in stettē, ✳ doͤrffˀn un̄ uff dē land ✳ und ûbˀ mich richtē ✳ un̄ richtē laussē mitt was tod si wellēt,

2128 2783 258 90 als zuͦ einē

2390 2771 184 53 meineidē

2382 2763 2779 106 erlosen, vˀzalten un̄ schedlichē man ✳ dē um̄ sin missztât sin lib un̄ lebē aberkēnt ist, ✳ also das mich, obgen̄ Hansē Brunē, ✳ ouch min lib un̄

2136 2820 3017 106 lebē davor noch wider dhein ding noch geding hˀan geschribē gântz nûtzit behelffē, ✳ frydē, ✳ fryē, ✳ frystē, schirmē, ich ze schirm fûrzichē, bruchē

2140 2877 2993 98 noch geniessē sol ✳ dhein frygheit gotzhûser, ✳ fryghoͤff noch andˀ frygehûser ✳ dhein gnad, schirm, fûrzug noch ûberal dhein andˀ sach, ✳ so ich odˀ

2144 2930 2948 107 jemant vō minē wegē hiewidˀ erdenckē, fûrzichē, gebruchē sin, geniessē ✳ odˀ mich, min lib un̄ lebē dawider behelffē und beschirmē moͤcht,

2132 2979 3033 119 alles âne alle gevˀd. ✳ in kraft un̄ urkûnd disz briefs, ✳ dero zwen gelich geschribē un̄ gestelt, ✳ und des alles zuͦ warē und vestē urkûnd vō minˀ

2136 3053 3034 90 ernstē bett wegē mitt der vestē, fromē und wisē junckhˀr Ludwig Zechendˀs, schulthn̄ zuͦ Arôw, un̄ hˀn Niclausz Frickers, stattschribˀs zuͦ Bern,

2132 3094 3066 106 miner gnedigē junckhˀn und herrē ingesigeln, ✳ doch inē, irn erben un̄ nachkomē in allweg ân schadē un̄ unvˀgriffē, ✳ offenlich mitt angehencktē

2136 3160 3038 122 insigeln und den gen̄ten minē gnedigē frowē vō Kûngsfeldē einˀ, ✳ un̄ junckhˀr Petˀn vō Griffense ✳ der andˀ, ✳ also vˀsigelt gebē sind uff fritag

2132 3233 1769 135 nach aller heiligē tag, nach Cristi gepûrt vierzechenhundˀt fûnfftzig und acht jar. ✳
