4912 7360
693 1821 3506 221 Min willig gehorsamkeit und alles gùt zuͦ vor, erwidiger, ✳ lieber herˀ und vatter. ✳ die von ✳ Lentzburg hand undˀstand₎ noch ein mess

908 1950 3230 123 in ir statt ze stiften und meynēt, es soͤll ein fruͤmess sin ✳ am ✳ zistag, donstag, sampstag und sun̄etag zù der, so si suss am mentag,

896 1993 3303 141 mittwuch, fritag un̄ sun̄etag habent, ✳ also das si alltag ein fruͤmess und am sun̄etag zwo hetten, ✳ und hand an uns durch

902 1778 3322 423 ir bottschafft begerˀt, unsˀn willn̄ darzù zegebend, den̄ das uns, unsˀm gotzhusz, unser kilchn̄ zù Stouffen un̄ unsˀm lùtpriester

914 2134 3261 135 daselbs unschedlich sin soͤll. ✳ hand wir inen geantwurt, si mogent uns ir meynūg der stift inschrift gebn̄, wellent wir inen ✳

908 2189 3273 147 daruff nach bedencken antwurten. daruff hand si uns darub̄ ir schrift, das ich ùch herin̄ ein abschrift schick, ✳ gesendt, ✳ un̄ ✳

908 2263 3316 141 dabi schriftlich begerˀt als vor, ✳ unsˀn willn̄ darzù zegebēt un̄ darub̄ unser antwurt zewissen. ✳ hand wir inen geschribn̄, ✳ wir

908 2336 3328 141 koͤnnēt inē derzit daruff, ✳ sundˀ aͧn anbringen unser obˀn, die die sach mitt uns beruͤrte, nitt geantwurten, ✳ und das ist be¬

921 2392 3346 159 schechn̄ jetz vor vasnacht und sidhar ✳ bisz jetz ✳ hand wir ùwˀ zùkunft gewartet un̄ wisten ouch nitt andˀs, ir soͤltēt komen sin, andˀs

921 2459 3327 159 ich hett ùch darub̄ geschribn̄, doch nùtzit des minder. ✳ nach dem uns bedunckt un̄ ouch am ✳ lùtpriester ✳ von Stouffen vˀstand un̄ ✳

902 2539 3260 153 am ✳ tag und mercklich ist, das soͤlichs ân unsˀn un̄ der lùtpriestry un̄ eins lùtpriesters, das allweg uns beruͤrt, so vil im ✳

884 2612 3407 148 von ✳ dem un̄ andˀm abgât, ✳ mercklichn̄ gebresten, schad₎ un̄ abgang goͤttlichs diensts ✳ nitt sin noch bestân mag, ✳ wie wol ✳

939 2680 3309 165 si andˀs fùrgebent, ✳ hand wir darub̄ Zùrich am ✳ probst un̄ meister ✳ Felix Hēmerlin lassen râts pflegen, ✳ was uns inden sachē

908 2760 3310 147 nach unsˀm un̄ unsers lùtpriesters anligen darin̄ zetuͦnd gepurte ✳ odˀ ob wir das nach ir fùrnemen vˀwilgen muͤsten odˀ

908 2839 3267 141 nitt ✳ ꝫcꝭ, ✳ hât uns meister ✳ Felix sin rât inschrift geschickt, des ich ùch hiemitt ouch ein abschrift send. ✳ und uff das, als ir

908 2901 3371 153 nitt komen ✳ sind un̄ aber die von Lentzburg gern unser ✳ antwurt gehept hetten, ✳ han ich inē darub̄ ein tag uff jetz vˀgangē ✳

921 2974 3370 147 donstag alhar bescheid₎ und allda ✳ mitt den râtsfrowen, ✳ mitt unsˀn lùtpriestnˀ von Stouffen un̄ ✳ vō Windisch, ouch mitt unsˀn ✳

908 3048 3365 153 amptlùten un̄ pfruͦndnˀ, ✳ des ersten an ✳ ir ✳ botten, so si deshalbn̄ zùtz uns geschickt hatt₎, begerˀt un̄ gebetten, die sach inguͦtē

921 3128 3346 134 bisz uff ùwer zùkunft anzestand lassen, woͤlt ich ouch, ob ir nitt angends kemind, ✳ ùch darub̄ schribē, das ich hofte, ir kemind àn

890 3207 3346 141 verzichn̄, den̄ wir ân ùch als unsˀn obnˀ zù den sachn̄ nitt geantwurten koͤnd₎ noch zetùend wisten, ✳ meinten si nitt getùn

933 3275 3297 141 koͤnd₎, sunder inen ✳ not zesind, die sachn̄ fùrderlich zesùchen, werbn̄ un̄ handlent, damitt si der fùrgang un̄ ustrag ge¬

933 3348 3377 141 habn̄ moͤchten, ✳ mer den̄ von einˀ sach wegen, so si darin zugēt, rettent wir fùro mitt inen ✳ under vil worten, do wir verstùnd₎,

921 3416 3297 147 das si die sachn̄ also zehandeln un̄ sùchen meinten, ✳ wir meinten je, ✳ das soͤlich stiftūg dˀ mess nach in̄halt ir schrift ✳ uns, ✳

896 3477 3285 166 unsˀm gotzhus, unser kilchn̄ un̄ lùtpriester nitt ân schad₎ sin un̄ bestan moͤcht, ✳ wie wol si das meinten, ✳ un̄ woͤlten darub̄

908 3563 3304 153 un̄ unser anligen un̄ menynūg vor ✳ unsmˀ gnedigen hˀn von ✳ Costentz, ✳ sinē vicarien odˀ do es sich gepurte, ✳ wen̄ si die sachen

939 3624 3297 160 do fùr nemen un̄ licht ustragen un̄ besliessen meinten, ✳ gern ✳ erscheinen un̄ darleggen und uns darub̄ mitt inē eins tags

945 3698 3279 153 einē ✳ uff dem das beschêch durch unsnˀ obnˀ odˀ bottschafft, ✳ hettend wir den̄ in den sachn̄ ùtzit vor uns, das nitt billich odˀ

945 3765 3248 166 bestandlich wêr, ✳ davon woͤltē wir ✳ uns ✳ unsˀs hˀn von Costentz ✳ gnad ✳ odˀ sin amptlùt guͤtlich odˀ rechtlich wisen lassen, ✳

927 3857 3278 141 das si desglichn̄ ouch têten, ✳ und ✳ erscheinten inē denocht nitt gantz unser widˀmeynūg dar in̄ nach in̄halt des obern

945 3925 3273 147 schriftlichn̄ rats, des der probst, obgen̄t, ouch gehilt. ✳ antwurten si guͤtˀ masz ✳ als vor, ✳ un̄ undˀ andmˀ, si hetten nitt vor, ✳

921 3998 3334 148 inen die sachn̄ an soͤlich jetzgemeldet end ze bringen, wol suss rât darub̄ zehabent, ✳ ob si es abˀ tûn, das woͤlt₎ si uns wissen

939 4084 3273 141 lassen, ✳ doch wˀent si da ✳ als botten un̄ woͤlten unser wort un̄ anbringen gern heim bringen. daruff wir abˀ begerten,

933 4152 3223 153 die sach bisz an ùwer zûkunft als vor ✳ anzestand lassen ✳ odˀ aber darub̄ fùr unsers hnˀ von Costentz gnad oder sin

896 4213 3309 153 amptlùt zekomend un̄ darub̄ eins genanten tags zevˀfachent ✳ un̄ uns darub̄ ir antwurt wissen ✳ lassen, un̄ das tâten

914 4287 3365 135 wir darub̄, das si allda ✳ die sachn̄ ân unser wissen un̄ biwesen nitt handlot₎ odˀ ustruͤgēt ꝫcꝭ. ✳ hand si uns aber gewanttwurt,

927 4348 3266 172 darin̄ wir dero, deweders si tùn meynen, ✳ nach unsˀm begeren verstan koͤnnēt, und versechent uns, si werdent inden ✳

933 4409 3328 172 sachen ✳ nitt firen, sundˀ mitt rât pflegen un̄ andmˀ darin̄ irm fùrnemen nach komen, ✳ anders den̄ uns moͤcht komlich

939 4489 3266 172 sin ✳ ꝫcꝭ. darub̄ tùn ich ùch hie mitt die sach zewissen und bitt ùch vō min un̄ des convents wegen jemˀ ernstlichest

902 4563 3291 171 un̄ gùtlichest ich vˀmag, ir ✳ wellēt uns un̄ unser gotzhus indˀ sach zum besten bedencken und versechn̄, als ir vˀstand ✳

921 4612 3297 196 uns notdurftig ze sind, un̄ in sundˀs, das ir angends alhar ✳ koment ✳ un̄ ouch, ob es ùch als wol ✳ als uns gevalt, das ir

921 4704 3321 165 darin̄ des vicarien odˀ andrer ✳ râts pflegent un̄ erkūnēt, wie ir un̄ wir uns darin̄ halten ✳ odˀ rechtlich odˀ billich tùn

957 4771 3341 184 soͤllent ✳ odˀ muͤssent ꝫcꝭ, un̄ in sundˀs, das ouch vˀkomen, ✳ das die sach ân ùwˀ und unser biwesen un̄ wissen nitt gehandelt

908 4839 3334 178 werd noch beslossen, ✳ das un̄ was ùch indˀ sach bedunck zetùnd un̄ notdurftig sin, ✳ das ir billich basz den̄ wir wissent,

927 4900 3420 190 wellēt darin̄ zum besten fùrnemen ✳ und insundˀs angends komen un̄ ùch davor nùtzit sumen lassen, ✳ den̄ wir ùwˀ oͧch

902 4986 3346 202 von andrˀ treffenlicher, ernstlicher sach wegen, darub̄ ich ùch nitt geschribn̄ kan un̄ ùwˀ abˀ vast notdurftig sind un̄ habē

945 5047 3402 197 muͤssent, ✳ nitt embern konnēt noch mogēt, un̄ je e ir koment, je lieber uns ist und je notdurftiger. ✳ darub̄, min rechtlieber

951 5127 3285 196 herˀ un̄ vatter, tuͦnd her in̄, als ich ùch in sundˀs wol getruw und ir ouch, so ir die sach vˀnemēt, vˀmercken mogēt vast

945 5188 3260 203 notdurftig zesind, das soͤllent un̄ wellēt wir umb ùch gen gott un̄ der zit nach unsˀm vˀmugen um̄ ùch billich

945 5286 2953 246 gedienen, insundˀs lassent nitt, ir koment angends. ✳ gebn̄ uff sampstag vor Occuli ꝫcꝭ, anno ꝫcꝭ lij.

3364 5581 841 178 Elsbet, graͤvin vō Liningen,

3401 5704 804 202 eptissin zuͦ Kùngsfelden ꝫcꝭ
