5925 4692
848 304 4056 87 Wir, schulth̄s und râtt zuͦ Brugg in Ergoͤw, bekennēt offenlich mitt disem brieff, das uff hûtt, dâtt disz briefs, fùr uns komē sind die ersamē und erbˀn Ruͦdolff Nieszly, hofmeistˀ zuͦ Kûngsfeldē, innamē un̄ anstatt unser gnedigē frowē, eptissin un̄ convents zuͦ Kungsfeldē, Santt̄ Clarē ordens, Co¬

879 355 4021 94 stentzer bystums, an einē, ✳ un̄ anders teils her Bilgˀ Stelli, lûtpriestˀ zuͦ Brugg, ✳ und offnotē da vor uns, ✳ wie sy vō wegē der zechendē, ✳ so dan̄ ein lûtpriestˀ zuͦ Brugg vor der stâtt hâtt ✳ und der lùtpriestry zuͦgehortē, ✳ mitt einandˀ vˀkomē un̄ ein abredūg berett un̄ beslossen hettē, ✳ doch das soͤlich ver¬

872 304 4051 180 komnusz und abredūg an un̄ fûr uns gelangē und komē ✳ und daruf, ob uns das gevellig sin woͤlt, ✳ mitt unsˀm guͦten gunst, wissē und willē zuͦ gân, beschechē und bestaͤttiget werdē soͤlt. ✳ des erstē, als den̄ ein lûtpriestˀ zuͦ Brugg uff disen nachgeschribnē stucken un̄ guͤtˀn jedahar unvˀdacht¬

876 457 4012 66 licht den zechendē genomē un̄ genossē hàtt, ✳ als das vō altˀ harkomē, ✳ und die lûtpriestrye zuͦ Brugg zum teil uff ettliche der selbē stuckē und guͤtˀn gewidmet ist ꝫcꝭ, ✳ und abˀ die selbn̄ guͤter in andˀn der gen̄ten unser gnedigē frowē vō Kûngsfeldē zwing und zechendē gelegē, ✳ un̄ beide unsˀn

876 304 4059 274 froͧwē vō Kûngsfelden un̄ eim lûtpriestˀ zuͦ Brugg also inzenemēt unkomlich, ✳ ouch dahâr ettwas jaren zweyūg und spen̄ uferwachsen sind ✳ vō denē, so dan̄ je die zechendē empfangē gehept habn̄t. ✳ und daruf vō soͤlicher unkomlichkeit un̄ zweyūg wegē, ✳ ouch damitt andˀ unwillen un̄ unfrûntschaftē,

872 531 4016 86 so davō uferwachsen moͤchtē, zeverkomē, ✳ so ist berett, das die genantē unser gnedig frowē, ✳ ir gotzhusz und nachkomē zuͦ Kûngsfeldē ✳ vō und ab disen nach geschribnē guͤtˀn, ✳ daruff ein lûtpriestˀ zuͦ Brugg biszhar die zechendē, als vor statt, gehept un̄ genomē hâtt, ✳ hinfùr zuͦ ewigē zitē die zech¬

876 539 4008 106 enden habē, ✳ nemē, ✳ lichē, ✳ nutzē, ✳ niessen und bruchē soͤllend und mogēt nach irm frigē willē un̄ gevallē, ✳ doch in den wortē und gedingē, ✳ das si jerlich uff santt̄ Martins tag vor usz un̄ ab dem gantzē zechendē zuͦ Altenburg ✳ eim lûtpriestˀ zuͦ Brugg, welichˀ je der zitt da ist, ✳ darub̄ und davō usrichtē

883 578 3989 102 un̄ gebē soͤllend un̄ wellend ✳ nûn stuck gelts jerlichˀ und ewigˀ gùlt, ✳ namlich den halbteil an kernē ✳ und den ùbrigē teil an roggē. ✳ itē und ist namlich berett, das soͤlich vˀkomnusz, wie vor statt, dewedˀm teil ✳ an den jerlichē zinsen noch andrˀ gerechtikeit daruf un̄ dar in̄ dheinē schadē ✳ berē noch bringē sol

879 656 4009 59 indhein weg ✳ un̄ namlich an allē andˀn zechendē, so ein lûtpriestˀ zuͦ Brugg hâtt, in allweg unvˀgriffen sin. ✳ fùro ist ouch berett, ob wer, das hin fûr jemˀ, es weˀ uber kurtz odˀ lang zitt, ✳ davor gott sie, ✳ hagel odˀ andˀ ungewittˀ, desz halbē die gen̄tē unser gnedig frowē un̄ ir nachkomē zuͦ Kùngsfeldē an dē

879 688 4033 82 gantzē zechendē zuͦ Altenburg indˀ sum̄, darub̄ er dan̄ des jars empfangen ist, ✳ ablasz tuͦn muͦsten, all dan̄ sol dē lûtpriestˀ zuͦ Brugg so vil im̄ der sum̄ gepûrt nach marchzal abgan un̄ das ûbrig davō angentz und wie vor statt gevolgē an fûrwort. ✳ ✳ und um̄ das man oͧch hinfûr zuͦ ewigē zitten wissz, wor¬

879 727 4021 58 umb und durch was die vilgenantē unser gnedig frowē, ir gotzhusz und nachkomē zuͦ Kûngsfeldē eim lùtpriester zuͦ Brugg soͤlich gemeldet nûn stuck gelts jerlichˀ un̄ ewigˀ gùlt gebn̄t ✳ und ouch um̄ das dhein irrūg noch andˀ unkomlich sach dar in fall noch inē begegne, ✳ harub̄, so hâtt man die stuck

860 746 4009 75 un̄ guͤtˀ, daruff, vō un̄ ab si hinfûr zuͦ ewigē zittē den zechenden, wie vor stâtt, nemen un̄ empfachē soͤllend, ✳ eigenlich und von stuck zuͦ stuck in schrift genomē ✳ un̄ herin schribē und setzē laͤssen. ✳ ✳ item des erstē ein grossz acker, ist der lûtpriestrye widē, hât vor Hansz Geiszler um̄ den landteil, litt an

872 782 3997 70 dem kilchweg by der stapfen und stost herzuͦ gegē der klostˀ mur an den wäsen, do das bild statt am wegly, git zendē und galt vor zittē jerlich ein mût kˀn. ✳ aber ein aͤckerly, ist Santt̄ Niclausen und eins lûtpriesters zuͦ Brugg, litt ob dē wegly un̄ tritt hˀab gegē dem obgeschribnē acker, git zenden.

872 828 4040 59 itē abˀ ein aͤckerly, litt uszwendig daran und ist der andˀ acker usnen Santt̄ Niclausz Acker, gehoͤrt in Swertzers guͦt, gitt zenden. ✳ item ein guͦt juchart ackers ussznen am Saffer Gartē indē winckel dˀ uszûny nebēt Grûlichs acker und stost hin uf an den kilchweg und hindē an der lûtpriestrye widē

872 828 4012 94 acker, als ob statt, und gehoͤrt in Swertzers guͦt ✳ un̄ litt oùch uszwendig Hansz Geiszlers un̄ Waltmans acker ussznen am Saffergartē. ✳ ✳ itē Cuͦntz Snellmā hât ein̄ grossen acker uff der selbn̄ zelg, gehoͤrt in sin lechē, so er vō der lûtpriestrye hàtt, stost oben an Berlis Gruͦb und hˀab an das

848 899 4052 55 kilchwegly, alsz man vō Byraloff gon Windisch gant, git zendē. ✳ ✳ item aber ein juchhart ackers in wendig Snellmans acker undeˀ Berlisz Gruͦb, stosset hinab uff das kilchwegly gegen Grûlichs acker, der usznan am Saffergarten litt, gehoͤrt in Swertzers guͦt, gitt zenden. ✳ ✳ itē ein acker

872 899 3997 101 uff dē Suͤssenbach by der sand gruͦbē, ✳ do das rad ufstuͦnd, ✳ buwt Bertschy Stelli un̄ gehoͤrt in sin lechē, ✳ so er vō der lûtpriestrye hâtt. ✳ item ze Oberburg ob dem Langē Hag zenden acker. ✳ itē ein grossz acker, litt oben an dem Langē Hag, gehoͤret in das len, ✳ so Heini Staͤllis erbē buwēt, so

860 965 4012 67 vō einer lûtpriestrye lechē ist. ✳ ✳ itē ein acker hindˀ Obrenburg ob dē Langē Hag, genāt Am Kalen, litt uff der hoͤchi und stost herfûr an weg, als man uff Lind gâtt, bawt Wùl und ist genant Santt̄ Niclausz Acker. ✳ aber zwen acker, sind Uͤly Wùls, buwt Ruͦtschmā Waltmā um̄ den teil un̄ ligēt

868 977 4001 117 hindˀ Oberburg ob dē brunnē an dē wegly, als man uff Lindē gât, genāt San̄tt Niclausz Acker. aber ein acker daselbs, genāt Insara, gitt zenden, buwt der Schuͦmacher vō Oberburg, was vor zittē Eberly Pfisters, stost herfùr an Uͤly Wùls acker ✳ un̄ ist ouch genāt Santt̄ Niclausz Acker. ✳ itē ein acker,

860 1016 4020 86 litt hindˀ Oberburg im̄ Tegerlȳ, buwt der Waltmā un̄ hâtt in̄ vormaln Heini Schûrer und ist der fruͤmessz und der lûtpriestrye zuͦ Brugg eigē un̄ gitt jerlich ein halbē mût roggē zinsz un̄ litt ob dē wegli, als man gon Mûlinē gât, undˀ des Wûls acker hˀab. ✳ ✳ itē der acker un̄ die hofstâtt ussz¬

860 1051 4001 90 nen am kloster, genant der Acker am Herweg, so Verena Bibersteinī hâtt, gitt zechendē un̄ buwt in̄ Heini Geiszler un̄ gilt ouch jerlich zwen mût roggē zinsz un̄ gehoͤrt der gart und die hofstâtt darzuͦ. ✳ ✳ disz nachgeschribnē acker gehoͤrend in Santt̄ Niclausen zendē gon Brugg un̄ gebn̄t zech¬

864 1114 4012 55 enden einē lûtpriestˀ daselbs: ✳ ✳ itē die zelg enent dē Suͤssenbach an den Rûtinē. ✳ itē ein grossz acker, ist genant Am Schornē, buwt Uͦly Hopff un̄ ist widem der lûtpriestrye, ist by vier juchhartē an einer furrē un̄ stost herfûr an den Suͤssenbach un̄ litt nebn̄t der lûtpriestrye acker, so Heini Wechtˀ

864 1133 3993 90 vō Windisch um̄ den landteil buwt, ✳ und giltet ein mût roggē einē lûtpriestˀ un̄ ein mût habˀn. ✳ ✳ item einē grossen acker, ist anderthalb juchhart, litt undˀm rein an Uͤly Hopfen acker am Schornē, buwt Heini Wechtˀ vō Obˀnburg um̄ den vierden teil un̄ ist widē un̄ gehoͤrt in das guͦt, so er

856 1165 4024 82 buwt um̄ den teil vō einē lûtpriestˀ. ✳ itē aber ein grossz acker, genāt Eberlis Acker, oben daran, tritt uff des Wechters ackˀ herab ✳ un̄ buwt in̄ der Eberly vor zittē, ✳ nū hât in̄ der Switzer vō Vilnacher un̄ stost herfûr an das wegly und an den Suͤssenbach. ✳ ✳ aber ein acker ussz wendig der Bruͤlmattē

860 1223 4028 59 uff dē rein ob dē Schornē, buwt Heiny Fricker und hât in̄ vor zittē Henszly Wildi un̄ Heini Smid vō Raͤmigē ✳ und gitt eim lûtpriestˀ ein halbē mût roggē. ✳ ✳ itē ein grosz acker, ist drig juckhart odˀ mer, stost herfûr gen dē Schornē und hin ab an der altē Sattlerin acker und tritt heruf ùber den

860 1235 4016 94 rein gegē dē acker, so Wildi hâtt, un̄ gehoͤrt in Swertzers guͦt, stuͦnd vor zittē ein birboͧm uff und ist genāt der Acker zum Birboͧm. ✳ ✳ itē ein juchhart acker uff dem rein an dē weg gon Habspurg by den kleinē boͤmlin, stost hindan an Welti Forsters acker. ✳ ✳ itē zwo juchhart acker undˀ dē selbē

856 1278 4032 86 acker gelegē andē rein der lûtpriestrye ✳ un̄ gehoͤrt der rein darzuͦ, ✳ tritt vor uff Cuͦntz Wirts, seligen, acker un̄ hindā an die altē sandgruͦbē, gehoͤrend in Swertzers guͦt oder hindan an die gr gruͦbē. ✳ ✳ itē Cuͦntzmā Wirts erbē hand ein̄ grossen acker enthalb dē Suͤssenbach ✳ ussz wēdig

856 1329 4036 62 dē steg und ist ein infang, hâtt vor zittē der Glùnsung un̄ stost hinusz andie strasz zum bild, als man gon Altēburg gât, gilt dē halbteil zendē einē lûtpriestˀ. ✳ ✳ zelg hindˀm klostˀ uff der Breite, so zechendē gebn̄t gon Brugg. ✳ ✳ itē ein acker hindˀm kloster, genant Uff dē Stempff, buwt

852 1345 4040 89 Ruͦtsch Waltmā, hât vor die Lemānin vō Windisch um̄ den vierdē teil und gilt nun jerlich ein fiertel roggē. ✳ ✳ itē ein acker, litt uff der Breitte undˀ dē kilchwegly, buwt Cuͦntz Snellmā, gehoͤrt in sin len, so er buwt vō der lûtpriestrye. ✳ ✳ itē ein aͤckerly, buwt vor zittē Heini Wechtˀ, hât nun deˀ Geisz¬

864 1376 4020 98 ler. ✳ itē ein acker nid der mûly uff dē veld hinder dem dorff zuͦ Windisch, buwt Hansz Geiszler, gitt zenden und gilt jerlich ein mût roggē zinsz, ist widē. ✳ ✳ itē ein aͤckerly und ein maͤtly, stost an einandˀ hindˀ dē dorff zuͦ Windisch, buwt Welty Vorstˀ, gitt zendē ✳ und jerlich ein fiertel habern.

860 1431 4020 74 itē ze Altemburg zendē. ✳ itē ein grosz acker, litt uff der zelg uswendig Altēburg, inwendig dem Langē Sarbach, buwt Snellmā, gehoͤrt in das lechē, das er hâtt vō der lûtpriestrye ✳ und stost hinuf gegē Hēmekon. ✳ ✳ itē ein acker nebēt dē selbē acker inder selbē zelg. ✳ itē ein acker inwendig Altē¬

852 1474 4017 70 burg indˀ ingefangnē zelg uswendig dē bild, stost an Krumbē Acker ennēt dem bild, buwt Cuͦntz Snellmā un̄ gehoͤrt in sin len, das er buwt vō einē lûtpriestˀ. ✳ itē ein acker nebn̄t daran, ist sin geteilet, buwt Bˀtschy Staͤlli un̄ gehoͤrt in sin len, das er buwt vō einē lûtpriestˀ. ✳ ✳ itē uff Habspurg

852 1474 4020 105 litt ein acker hindˀ der burg an dē rein, ist zwo juchhart, ist genāt Santt̄ Niclausz Acker, buwt Griffense und hâtt in̄ vor zittē der Engelmā uff Habspurg um̄ den vierteil, ist dˀ lûtpriestrye eigē, genāt an Leimā. ✳ ✳ itē ze Goͤttiszhusen. ✳ itē der zend ze Byraloff un̄ des hofes ze Goͤttiszhusē gitt

860 1509 4016 105 den dritteil und dē halbteil zendē, namlich also, wen̄ fûnff garbē zechend₎ wˀdēt, so nimpt ein lûtpriestˀ zwo garbē un̄ die von Kûngsfeldē drig garbē, ✳ desz glichē an dē hoͤw, an ops, an huͤnr, an swinē und an allē dē, das vō dē hof zendē vallet. ✳ itē ein acker, litt uff Habspurg under dē

852 1560 4020 90 win gartē un̄ stost her fûr in dē winckel, gehoͤrt in den hof ze Goͤttiszhusen un̄ gitt ouch zendē als der hof ze Goͤttiszhusē. ✳ ✳ itē die zelg undˀm Langen Hag by dem Wissē Stein un̄ vor dē Hiltenspuͤl. ✳ itē ein acker, litt undˀ dē Langē Hag und stost hˀab an die strasz ob Berlis Gruͦb, buwt Snellman

860 1591 4009 94 un̄ gehoͤrt in sin len. ✳ ✳ itē Heini Wechtˀ hêtt ein̄ grossen acker undˀ dem Langē Hag, ist by drig juchhart und stost herab an den weg ob Berlis Gruͦb ✳ un̄ litt nebēt Welti Forsters acker vō Windisch, gitt zendē un̄ gehoͤrt in das guͤt, das er vō einē lûtpriestˀ buwt umb den landteil, ✳ das

856 1646 4048 74 vierde un̄ um̄ das fûnftē teil. ✳ itē ein aͤckerly, gelegē undˀ dē Langē Hag nebn̄t an des Sigristē acker, stost herab enmittē in die zelg, buwt Bˀtschy Stelli und gehoͤrt in sin len. ✳ ✳ itē ein aͤckerly da selbs, buwt Snellmā undˀm Langē Hag un̄ gehoͤrt in sin len. ✳ ✳ itē ein̄ acker, buwt Heini Wechtˀ

852 1685 4032 70 um̄ den vierdteil, gelegē by dē Wissenstein indē bodē by dē Suͤssenbach, gehoͤrt öch in das guͦt, so er um̄ den teil buwt un̄ galt vor ziten einlif fiertel roggē und drig mût habˀn, nûn schilling mindˀ vier pfen̄ing. ✳ itē abˀ ein acker, gelegē daselbs undˀm steg ensitt dē Suͤssenbach an dē bach

864 1700 4012 90 hin ab gen dē Hiltenspuͤl, buwt ouch Heini Wechtˀ um̄ den vierdteil und gehoͤrt in das obgenāt guͦt, gitt alles zendē. itē ein acker vor dē Hiltenspuͤl, buwt Hansz Stelli vō Husen, hât vor zitē Heini Fricker un̄ davor Margrett Meigˀin vō Husen, gilt am drittē jar ein halbē mût roggē zinsz.

868 1743 4012 86 itē ein acker, stost herfûr in die landstrasz in wendig dē Wissenstein, lit andē usren Suͤssenbach un̄ tritt hinab nebent an den bach an Efingˀs wyer, buwt Bertschy Stelli un̄ gehoͤrt in sin len. ✳ itē ein acker nebn̄t un̄ inwendig daran gelegen, ist sin geteilet un̄ gehoͤrt in das len, so Cuͦntz

856 1779 4036 93 Snellmā buwt, un̄ hâtt in̄ ouch Snellmā. ✳ itē die zelg am Galgenacker zwischēt dē Hiltenspuͤl Weg un̄ dem Clostˀweg. ✳ itē Grûlich hâtt ein acker, hât die Usszmaͤny, hât vor Clewi Geiszberg, stost ussznā an hag in Bˀchtold Etterlis bifang, der Fōmers was, un̄ Heini Keiserstuͤllis mattē. ✳ ✳ itē

860 1837 4040 63 ein acker, genāt Cuͦntz Wirts Acker, buwēt Cuͦnrat Meigˀs, seligē, erbē, ✳ und am andˀn jar buwt in̄ oͧch Grûlich, gitt zenden, stost andˀ Huͦberin byfang. ✳ itē Santt̄ Niclausz acker, genant Galgo, litt an dē obgen̄t₎ acker un̄ stost ouch her in an der Huͦberin byfang, buwt Heinrich Sattler vō

840 1876 4068 55 Brugg, gitt zendē. ✳ itē Heini Stellis erbē vō Brugg odˀ sin sun, Bertschy Stelli, ✳ hâtt ein̄ grossen acker daselbs im̄ winckel am Galgē Acker gelegē, ✳ stost an weg un̄ tritt uff dˀ Huͦberin byfang her in un̄ hinusz uff Henszly Huͦbers vō Schintznach ackˀ, der Henszly Suters was, gehoͤrt in sin lechē,

848 1876 4048 98 das er hâtt vō dˀ lûtpriestrye. ✳ itē abˀ hâtt er ein̄ acker am rein, stost obnē an Galgēacker und undnā an Hansen Geiszlers, ✳ gehoͤrt ouch in das len, ✳ litt hindˀ der nùwē sandguͦbē gegē der Bachtelē. ✳ ✳ itē aber hâtt er ein̄ acker ob dē rein ob dē Galgēackˀ, stost an die höptgruͦbē, do das rad stuͦnd,

848 1923 4032 78 uff dē Suͦssenbach, gehoͤrt in sin len, gitt als zendē. ✳ ✳ itē abˀ ein acker, litt ussz wendig dē acker, so Vederly hât ✳ un̄ vor Cuͦnrat Meigˀ hâtt, stost hindnā an Grûlichs acker un̄ herfûr an die Bachtellē zuͦ dē nuszboͧm, der daruff stâtt, gegē dē mûly ester, ✳ gehoͤrt in sin len. ✳ itē ein klein aͤckerly, litt

848 1970 4060 78 nebn̄t Heinirich Sattlˀs acker, ist Cuͦnrat Meigˀs erbē, was Cuͦntz Wirts un̄ stost her in hindē ab Knonowerts byfang, so Heini Smid buwt. ✳ itē ein aͤckerly, was Ruͦdolff Figgis, buwt der Vorstˀ und stost an den Galgēacker hinusz und her in an der Huͦberin und Knonowerts byfang. ✳ itē zelg am

848 1998 4036 97 Clostˀweg un̄ by der nûwē Mûly Mattē ob und undˀm rein ✳ un̄ im̄ Holē weg, so gon Brugg zendē gebēt. ✳ itē ein grossz acker, genāt Agsteins Acker, ist vier juchhart, buwt Heini Smid vō Raͤmigē und ist gelegē im̄ Holenweg un̄ gitt gantz zendē einē lûtpriestˀ bisz an den vierdteil, den ne¬

856 2052 4056 59 ment min frowē vō Kûngsfeld, also, wen̄ vier garbē zendē vallēt uff dē acker, so nimpt ein lûtpriester drig garben und das klostˀ ein garbē, ✳ und die ordnūg ist gemacht vō dē altē hofmeistˀ Uͦlrichē am Buͤl, ✳ Werna Kornmesser, ✳ dem Sager vō Bremgartē, minˀ frowen vō Kûngsfeldē, obgen̄t,

856 2064 4024 94 hofmeistˀ, ✳ un̄ her Bilgˀ Stellin, lûtpriestˀ zuͦ Brugg, anno dnī ꝫcꝭ quinquagesimo tertio. ✳ ✳ itē ein grosz acker am Klostˀweg by der Bachtellē an dē Mûly Weg by dē ester, buwt der Wuͤst odˀ Heini Smid vō Raͤmigē, stost hin ab uff Agsteins Acker, ist genāt des Wuͤstē Acker, gitt zendē einem

856 2111 4016 90 lûtpriestˀ bisz an den drittē teil, der selb dritteil gehoͤrt gon Kûngsfeldē, ✳ namlich, wen̄ drig garbē daruff zendē vallēt, so nimpt ein lûtpriestˀ zwo ✳ un̄ Kûngsfeld ein garbē. ✳ ✳ itē ein acker, litt by der Roszwetti, buwt Cuͦntz Snellman, gehoͤrt in sin lechē, stost heruf an Agsteins Ackˀ und ist

856 2158 4032 98 ingefangē. ✳ ✳ itē Bertschy Stelli hât ein̄ acker am Klosterwege, stost hinab an Agsteins Acker im Holēweg, gehoͤrt in sin lechē und stost heruf an den Klostˀweg. ✳ itē ein aͤckerly, litt by der stappfen ob dē Grûlichē an dē fuͦszweg, als man gon Windisch gât, un̄ stost an den Klostˀweg ob Abrecht

852 2185 4036 86 Bûrers maͤtttly by der stappfen, gehoͤrt in Swertzers guͦt. ✳ itē ein acker, hinderm clostˀ gartē am hag by der stappfen gelegē und stost hinab uff die Mûly Haldē, buwt Cuͦntz Snellmā und gehoͤrt in sin lechē. ✳ ✳ itē aber ein acker daselbs undˀ dē rein zwyschē den zwein reinen, stost hˀfûr

860 2205 4059 97 an weg gegē der stappfen der Mûly Mattē, buwt ouch Cuͦntz Snellmā un̄ gehoͤrt in sin len. ✳ itē ein acker, ist hinden an dē obgeschribnē acker gelegē zwischē den zwein reinē, buwt dˀ jung Waltmā un̄ gehoͤrt in Swertzers guͦt und ist widē der lûtpriestrye. ✳ ✳ itē ein klein aͤckerly,

868 2256 4016 86 litt uff dem rein darob, ist villicht zwo sâtteltē, ✳ stost hinfûr an Grûlichs acker, gehoͤrt in das len, so Heini Stellis erbē buwent, ✳ un̄ ist dē Waltman darusz um̄ ein jerlichē zinsz gelichē um̄ ein fiertel roggen ✳ und litt obnā an Waltmans infang un̄ der Bachtelē. ✳ ✳ itē ein acker, ge¬

868 2299 3997 82 legen am Klostˀweg in wendig des Wuͤstē Acker in̄rent der Bachtelē by den oppfelbömen, so by dē weg daruf stând, ✳ un̄ stost hinab uff Agsteins Acker im̄ holen weg nebn̄t Welty Forsters oder Cuͦntz Wirts acker, buwt der jung Waltmā vō einem lûtpriestˀ von Brugg um̄ den

868 2342 4008 78 vierdteil un̄ gehoͤrt in Swertzers guͦt. ✳ ✳ itē disz sind die hoͤwzechendē: ✳ ✳ itē Uͦlman Weniger gitt zechendē vō sinē byfang hindˀ der schûr by Nerplisz Gesszly. ✳ ✳ itē Cuͤni Beck gitt zendē vō sinē byfang un̄ der mattē by Nerpplissz Geszszly, litt zwischē Wenigˀs und Wernly Mosers

872 2389 4020 66 byfang. ✳ ✳ item Werna Mosers byfang, hâtt Nesz Stellin, gelegē uszwendig des Beckē mattē und stost hinusz an Negelis Gesszly und gitt zendē heruf ûber den rein gegē dem hag der gartē, un̄ ist vorziten ein geszly un̄ ein weg vō Nerpplis Geszly by Wenigˀs schûr durch des Becken mattē

852 2424 4024 70 bisz in disz gangē, ✳ un̄ vō dem selbē geszly hinab undˀ den rein, als vêr des Beckē mattē gât durch uszhin, gitt es der lûtpriestrye zendē und der obˀteil gon Kûngsfeldē. ✳ ✳ itē des Sands mattē uswendig des Negellisz Geszszly und Wˀna Mosers usszren infang, buwt Ursul Zendˀin un̄ ist

856 2443 4028 82 Werlnly Mosers halb un̄ sinˀ sûnen halb, gitt zendē ✳ un̄ gilt jerlich ein halbē mût kernē zinsz, ist alles widem. ✳ ✳ ✳item Henszly Huͤber vō Schintznach buwt ein aͤckerly, ist ein infaͤngly, litt ussznan an Sands mattē im winckel uff dē Suͤssenbach, hât vor zitē Werna Smid un̄ ward kouft vō Ruͤdin

864 2482 4020 86 Swendin ✳ un̄ ist komē vō Henszly Suter an̄ Huͦber, gitt zenden un̄ ist vˀkouft vor ziten vō des Zandˀs mattē, vorgenant. ✳ ✳ itē ein mâtt, litt ze Altemburg usszwendig am dorff gegē der burg by dē ester, als man in die ow gâtt, stost herfûr an die gassen by dē ester, buwt Cuͤntz Snellmā,

864 2525 4020 75 gehoͤrt in sin len. ✳ ✳ itē ein matt, litt nebn̄t daran und ist ir geteillet, buwt Bˀtschy Stelli und gehoͤrt in sin len. ✳ itē der Bûrerin maͤtly vor dē tùrly uff der Aren, hâtt der werckmeistˀ und gitt zendē. ✳ item der ✳ lûtpriestrye widē mattē, gelegen by Frowē Gesszly uff dē Froͤudenstein,

879 2557 4036 78 gitt zendē, buwt jetz Petˀ Toͤltznˀ ✳ un̄ gitt davō jerlich ein pfund, vier schilling haller un̄ hât sy zuͦ erb empfangē, gitt zenden. ✳ ✳ itē Henszly Bitterkruts mât odˀ infang, so vor zitē Henszly Tûfels was, gelegē an dē Fröwen Geszly vor dē alten Ensy, hâtt jetz der Treiger, ✳ der selbn̄ mattē

872 2564 4024 118 halbteil ist widē und gilt jerlich drû fiertel kˀn zinsz einē lûtpriestˀ zuͦ Brugg un̄ gitt ouch der selbteil einē lûtpriestˀ zendē. ✳ ✳ itē das alt Ensy gitt zendē un̄ ist einem lûtpriestˀ fùr Efingˀs matten vorm Obˀn Tor, das jetz der blatz ist, ✳ sind vor zitē acht gartē gesin und gabn̄t

879 2631 4013 90 einē lûtpriestˀ drizechē schilling un̄ vier haller fûr zendē, ✳ den̄ jeder gart gab zwentzig haller, als öch die andˀn inder zelg, und hât jetz maln das alt Ensy Tûring Efinger ✳ und ward vˀwechselt um̄ den nûwen blatz von der statt. ✳ ✳ itē ein mât, hâtt Heini Erhart, un̄ ein gartē

879 2662 3993 90 daran, ist alles ein matt gesin, stuͦnd vor zitē ein schûrly uff und was Ruͤdi Frōmstucks, seligen, litt ob dē Holen Weg ob Agsteins Acker und stost heruf an Heini Sattlers mattē und gehoͤrt un̄ zinset in ein guͦt, buwt Heini Wechtˀ, gitt zendē. ✳ ✳ item Heini Kuͤffers matt, so Uͤly Mûller vō Ramigē

879 2697 3986 106 hêtt, gelegē ob dē Froͤudenstein un̄ am kalchofen hindˀ der lûtpriestrye husz uff dē grabē, gitt zendē. ✳ ✳ itē ein maͤttly, litt ob der Bachtelē an dē Clostˀweg, was Abrecht Bûrers, seligen, gitt zendē, buwt Waltmā un̄ ist ingefangē zuͦ Wildisz acker, ✳ doch sicht mā noch wol das undˀmarck, wie

879 2768 3993 66 fêr es gan sol, ✳ wen̄ es was ingefangē vor zitē mitt einē lebendē hag. ✳ ✳ itē die mattē des hofs ze Goͤttiszhusē gebn̄t den halbteil und den dritteil zendē, ✳ namlich, wen̄ fûnf schochen zenden werdēt, so nimpt ein lûtpriester zwen schochē un̄ die vō Kûngsfeldē drig schochē als in dē

872 2799 4008 82 korn zenden. ✳ ✳ itē der Knonowertin matten usszwendig Berchtolds byfang, den man nēmet des Bluͦmen Gartē, zwischēt dē Klostˀweg un̄ dem Hiltenspuͤl Weg ✳ un̄ stost hinusz an Galgē Acker, der selbn̄ mattē gehoͤrt ein dritteil in das len der lûtpriestrye, das Bertschy Stelli buwt, und

879 2803 4001 106 ist darusz gelichē jerlich um̄ einē halbē mût roggē ✳ und wirt der selb halb mût roggē Bertschin Stellin an sinē zinsz zehilff, den er vō sinē len gitt, ✳ und der selb dritteil gitt ouch zendē und hâtt die mattē jetzmaln Heini Smid vō Raͤmigē ꝫcꝭ. und wan̄ nun soͤlich abredūg un̄ vˀkōnusz, wie

872 2838 4008 117 vor stâtt, mitt der gen̄ten unser gnedigē frowen vō Kùngsfeldē, ✳ ouch unser, eins schulthn̄ und räts zuͦ Brugg, obgenāt, guͦten gunst, ✳ wissen un̄ willen nach ir und unsˀm bevelchē durch die gen̄ten Ruͦdolff Nieszly, hofmeistˀ zuͦ Kûngsfeld₎, und hêr Bilger Stellin, lûtpriestˀ zuͦ Brugg,

864 2909 4020 66 abgerett un̄ beslossen ist ✳ und daby es ouch hinfûr zuͦ ewigen zitē bestan ✳ und dewedrˀ teil den andˀn dar in̄ fûro witer noch andˀs den̄ als vor stâtt ersuͦchē, ✳ sundˀ ein andˀ daby un̄ mitt ✳ fùr sich, ✳ ir gotzhûser un̄ nachkomē belibē laͤssen soͤllend ungeverlich. ✳ und des alles zuͦ einē steten,

876 2944 4024 78 vestē und ewigē urkûnd sind diser brieffen zwen gelich vō wort zuͦ wort geschribē un̄ gestelt ✳ und mitt der gen̄t₎ unser gnedigē frowē von Kûngsfeldē gemein convent insigel fûr sich, ir gotzhusz und nachkomē zuͦ Kûngsfeld₎, und darzuͦ un̄ mitt unser gemeinē statt

887 2959 4013 145 Brugg gemeinem insigel als vˀsechˀ der lûtpriestrye, ✳ ouch fûr uns, ✳ unser, ✳ des lûtpriesters und der lûtpriestrye nachkomē zuͦ Brugg, ✳ mitt angehencktē insigeln vˀsigelt und jettwedˀm teil einˀ also geben uff santt̄ Oswalds tag, nach cristi gepûrt vierzechenhundert¬

891 3030 376 117 fûnfftzig und syben jar. ✳
