6263 4564
509 372 3288 164 Ich, Marquart von Baldegg, ritter, herˀ ze Schenkemberg, beken̄ offenlich mitt disem brieff, ✳ das uff sinˀ

544 372 3299 240 dat der hochgelerˀt und erwirdig her Hartman von Baldegg, tuͦmhˀr ꝫcꝭ, min lieber bruͤdˀ, nach minˀ bevelh¬

555 547 3261 129 nisse von mins absins wegen ✳ an minˀ statt Uͦlrich Lener von Stilli und sinē lechenserben ein vierden

559 623 3268 130 teil ✳ einˀ matten, gelegen in Ital, der mittlosten, die den̄ Heini Stilli von Stilli von dē altē Hansen Vischer

559 699 3280 126 ab ✳ Boͤtzberg gekoufft hât, ✳ lit zwischen zwein matten, sind ouch dˀ Vischer gewesen und die obˀn hat jetz

559 768 3242 129 Hans Vischer von Rùffnach, der mùller, die undˀn hat Niclaus Fricker von Brugg ouch zuͦ lechen, ✳ un̄

547 840 3296 133 den halben teil der selbn̄ matten ✳ hat Wˀna Stilli von Stilli und den andˀn vierden teil dˀ mattē, des sinē

559 916 3261 141 geteilet, ✳ hàt Fridli Mùsler von Stilli, sin swager, also sie die matt undˀ inē nach abgang des genēptē

570 1000 3254 414 Heini Stillis geteilt worden, ✳ zuͦ rechtem manlechen gelichen hàt ✳ mitt aller rechtūg und zuͦgehoͤrd,

566 1080 1663 144 wie die von alterhar zelechen komen un̄ gebracht

2191 1080 122 68 ist,

2229 1087 1556 114 ✳ was ich inen daran von un̄ durch recht lichen

563 1156 3203 148 sol, mag odˀ zetuͦnd hab. also das er, dˀselb Lener, un̄ sin lechenserben den selben vierteil dˀ mattē, als

570 1228 3231 164 vor ✳ stât, ✳ von mir un̄ minē nachkomē hˀn zuͦ Schenkembgˀ zelechen soͤllēt un̄ mogēt in̄habn̄, nutzē,

566 1315 3303 153 niessen un̄ uns davō un̄ mitt gewˀtig, gedienstig un̄ gehorsam sin un̄ tuͦn sond, als lechēlùt irn lechē¬

566 1411 3277 133 hern von ir lechnen wegen schuldig sind, des er ouch gesworn hàt, ✳ doch uns an der lechenschafft, man¬

578 1483 3261 141 schafft un̄ andnˀ unsˀn rechten unvˀgriffen, alles nach man̄lechens un̄ lands recht, sitt un̄ gewonheit.

570 1563 3261 140 und als vormaln ein widˀkouff odˀ pfandschafft uff der matten durch den edeln junckhˀ Tùring von

547 1662 3269 121 Arburg, fryhˀn ꝫcꝭ, vˀwilget was nach in̄halt sinˀ brieff darùbˀ gebn̄ ✳ ꝫcꝭ, ist hiemitt gantz hin und ab

574 1726 3215 130 un̄ bestat bi dē, so vor stàt, alles ungevarlich. inkrafft un̄ urkùnd disz briefs, mitt minē, des obgen̄

559 1821 3295 133 Marquarts vō Baldegg, angehencktē insigel, des alles ze warem, vestem urkùnd, offenlich vˀsigelt, ge¬

585 1897 3258 172 ben uff donstag nechst vor unser liebn̄ frowentag annūtiatōis in der vasten, nach Cristi gepùrt

582 1992 1271 191 vierzechenhundtˀfùnfzigunddrù jar. ✳
