5922 4877
544 442 3158 143 Ich, Marquart von Baldegg, ritter, herˀ zuͦ Schenckemberg, beken̄ offenlich mitt disem brieff, das uff hùtt, sinˀ

577 552 3052 106 dat, der hochgelert und erwirdig her Hartman von Baldegg, tuͦmhˀr ꝫcꝭ, min lieber bruͦder, nach minˀ be¬

573 609 3105 118 velhnisse von mins absins wegen an minˀ statt ✳ dem erbˀn Fridlin Mùsler von Stilli und sinē erbn̄ lechens

585 682 3077 130 genosz den vierden teil einˀ matten gelegen in Ital, der mittlosten, die den̄ Heini Stilli, selig, von Stilli von

581 743 3089 134 dem alten Hansen Vischer ab Boͤtzbgˀ gekoufft hàt, ✳ und lit zwischen zwein matten, sind ouch dˀ Vischer ge¬

573 829 3056 113 wesen und die obˀn hàt jetz Hans Vischer von Rùffnach, der mùller, und die undˀn hat Niclaus Fricker

581 877 3166 151 von Brugg ouch zuͦ lechen, ✳ und den halben teil der selbn̄ matten hât Wˀna Stilli von Stilli und den andˀn

573 971 3072 126 vierteil der matten, des sinen geteilet, hàt Uͦlrich Lener von Stilli, sin swager, also sie die matt undˀ inen

585 1032 3125 142 nach abgang des genēpten Heini Stillis geteilt worden, ✳ zuͦ rechtem manlechen gelichē hât ✳ mitt aller

581 1121 3073 114 rechtūg und zuͦgehoͤrd, wie die von alterhar zelechen komen un̄ gebracht ist, ✳ un̄ was ich inen daran

589 1174 3073 159 von un̄ durch recht lichen sol, ✳ mag odˀ zetuͦnd hab, ✳ den selbn̄ vierdteil der matten, als vorstàt, ✳ vō mir

585 1247 3052 159 un̄ minē nachkomē hnˀ zuͦ Schenkembgˀ zelechn̄ in̄ zehabēt, zenutzet̄, zeniessent un̄ uns davō und

564 1341 3114 130 mitt gewˀtig, gedienstig und gehorsam ze sinde und zetuͦnd, als lechenlùt irn lechenhnˀ von ir lechnen

581 1402 3129 142 wegen schuldig sind, des dˀselb Fridli Mùsler ouch gesworn hàt, ✳ doch uns ander lechēschafft, manschaft

593 1483 3117 142 un̄ andˀn unsˀn rechten unvˀgriffen, alles nach man̄lechens un̄ lands recht, sitt un̄ gewonheit unge¬

581 1556 3154 155 varlich. ✳ und als vormaln ein widˀkouff odˀ pfandschafft uff der matten durch den edeln junckher Tù¬

597 1633 3158 147 ring von Arburg, fryhnˀ ꝫcꝭ, vˀwilget was nach in̄halt sins briefs darùbˀ gebē ꝫcꝭ, ist hiemitt gantz hin un̄

593 1723 3085 138 ab un̄ bestât bi dem, so vor stât. ✳ alles in kraft un̄ urkùnd disz briefs, mitt minē, des obgen̄ Marquarts

585 1796 3174 154 von Baldegg, angehencktē insigel, des alles ze warē, vestem urkùnd, offenlich besigelt, gebē uff donstag

573 1877 3158 195 nechst vor unser lieben frowen tag annūtiatōis in der vasten, nach Cristi gepùrt vierzechenhundˀt

593 1979 646 191 fùnzig und drù jar. ✳
