4912 7360
1424 1662 2167 196 ob aber wir ✳ oder unser nachkhomnen ✳ sölich kouff ✳ oder lychung ✳ nitt

1467 1803 2186 147 nämēn, ✳ sunder unns unfuͤgklich syn wöltt, ✳ so mögendt sy alszdan

1455 1870 2216 184 ir gerechtigkeit an der ehgenembten müli ✳ wäm sy wöllendt ✳ lychen

1418 1981 2216 153 oder verkouffen, ✳ an unseren intrag, ✳ das allweg also mit unserem

1449 2091 2198 172 gunst, wüssen ✳ unnd willen ✳ unnd gegen sölichen, die unns ouch uff

1436 2226 2155 123 die müli fuͤgklich ✳ unnd äben sindt ✳ unnd inn den wortten ✳ unnd

1473 2312 2131 159 gedingen, ✳ so vor ✳ unnd nach stand, ✳ begäb sich ouch hinfür jemer, ✳

1449 2398 2192 190 das unns ✳ oder unseren nachkhomnen ✳ unser müli ✳ zuͦ Dietfurtt

1461 2533 2149 153 an der Ahr ✳ von für, ✳ waszers ✳ oder andrer noth ✳ unnd gebrästens

1467 2631 2235 159 wegen abgieng ✳ unnd unütz wurd, ✳ so söllendt der vorgent̄ Cuͦnradt

1473 2735 2137 159 Sädelman, ✳ syn erben ✳ unnd nachkhomnen ✳ unns die Obere Müli

1461 2845 2149 178 ze Müllinen ✳ zuͦ unseren handen ✳ unnd gwaltt komēn ✳ unnd ge¬

1467 2944 2167 177 langen lassen, ✳ die wir ouch dan besetzen, ✳ endtsetzen, ✳ bruchen ✳ unnd

1449 3072 2192 154 bewerben, ✳ unns ✳ unnd unserem gottshusz an dem end ✳ unnd sonst

1473 3170 2155 184 niemand anderen ✳ malen söllen, ✳ mögen ✳ unnd wellen, ✳ an iren

1449 3293 1995 153 unnd mengklichs ✳ von ihr wegen hindrung ✳ unnd yntrag, ✳

1436 3397 2174 184 dester minder nitt ✳ soll allweg die Nidermüli da selbs dem selben

1492 3520 2136 172 Cuͦnradt Sädelman, ✳ synen erben ✳ unnd nachkhomnen ✳ zuͦ einem

1449 3643 2155 171 rechten erblechen blyben, ✳ mitt den gedingen, ✳ vor ✳ unnd nach

1479 3753 2143 141 gemeldett, ✳ ane unseren intrag. ✳ unnd wen es dan darzuͦ khäme,

1442 3851 2199 141 das die vorgemeltt Obermüli ✳ zuͦ unseren handen khom̄en wäre ✳ unnd

1461 3943 2180 166 wir unns selbs zuͦ beiden parthyen ✳ von der zinszen wegen nit gereynen

1479 4054 2229 165 noch betragen möchten, ✳ so soll jedwederer theill zwen erbar man nemēn, ✳

1455 4164 2130 135 die darumb ✳ ob den vorgenembten Sädelman, ✳ synen erben ✳ oder

1479 4250 2180 172 nachkhomnen ✳ der vorgemeldett zinsz, ✳ die sechs zehen mütt kernen, ✳

1473 4366 2217 172 gemindertt ✳ oder gemeret werden söllen ✳ unns zuͦ endtscheiden ✳ minn

1418 4483 2247 153 unnd rechts gwaltt haben söllen ✳ unnd also hatt unns der jetzge¬

1504 4575 2173 159 nampt Cuͦnradt Sädelman ✳ für sich ✳ unnd syn erben ✳ umb alles,

1485 4710 2217 159 das, ✳ so er unns nach luth ✳ unnd sag disz brieffs zethuͤnd schuldig ✳ und

1504 4802 2044 166 verbunden ist ✳ oder hinfür wirtt, ✳ zuͦ sicherheit ✳ unnd zuͦ einem

1393 4925 2266 171 rechten habenden pfand ✳ ingeben ✳ unnd versetzt, ✳ alles sye ligend

1449 5029 2222 172 unnd fharend guͦtt, ✳ so er jetz hatt ✳ oder hinfür überkumpt, ✳ nützit

1424 5158 2223 153 uszgenomēn, ✳ also ob unns ✳ oder unseren nachkhomnen dheins jahrs

1498 5237 2173 289 umb unseren gefallnen zinsz ✳ oder anders ✳ alls vorstadt ✳ nit gnuͦg,

3241 5544 246 245 beschäch
