4912 7360
994 1913 3132 245 Ich, Hans Zȳmerman, jetz keller ze Elfingen, beken̄ offenlich mitt disem brieff, vō

1043 2079 3070 147 wegen des wegs, den ettlich von Altemburg meinēt, daselbs ze Altemburg durch

1148 2152 2843 154 die Eichkorn zelg ùbˀ ein acker, den jetz Heini Fricker buwt un̄ in minˀ gnedigen

1049 2269 2892 141 frowen von Kùngsfeld guͤter gehoͤrt, ✳ haben odˀ faren soͤllen ꝫcꝭ, ✳ das mir nitt

1123 2330 2892 154 wissend ist un̄ han ouch von minē vordˀn noch andˀn nie gehoͤrt noch vˀnomen,

1154 2410 2929 166 das daselbs dhein weg von recht odˀ harkomen sie odˀ sin soͤll. mir ist ouch wol

1123 2533 2843 128 wissend, das alle die zit, die ich ze Altemburg seshaft gewesen bin, das wir

1148 2612 2812 148 den weg nie von recht nie gehept noch gemeint habent ✳ habn̄ soͤllen, den̄

1148 2704 2861 154 allein von bett, also wen̄ man des amdritten jar, so brâch da ist, notdurftig

1123 2802 2935 148 was, so schicktent un̄ kertent wir die mitt bett an, un̄ sundˀ den Bitterkrut,

1172 2882 2806 166 selig, von Brugg, der dˀ zit den acker in̄hàtt, ✳ un̄ baͤtet̄ den, uns des wegs

1117 2993 2966 153 gùtlich von bett un̄ nitt von recht zegoͤnnen, das uns ouch also dick gelangt.

1092 3066 2935 178 wir hand ouch dar zù die von Brugg ettwan angekerˀt, uns dan̄an hinusz

1154 3164 2941 178 durch irn eynūg mitt unsˀm fich ze faren zegoͤnnen, das ouch guͤtlich beschach.

1148 3275 2787 135 sich hat ouch ettwan gefuͤgt, das der odˀ die, so den Obˀn Acker in hatten, un̄

1178 3348 2770 160 sundˀ der Fricker, da dˀ acker zù sinē hand₎ kàm, sich des wegs widˀten un̄

1148 3440 2867 148 der bett nitt gern eren woltēt. daruff hand ich un̄ andˀ von Altemburg, so

1148 3538 2928 154 dˀ zit dawarēt, ettwan gerett un̄ gemeint, den weg ✳ ze leggen ùbˀ die ackˀ

1148 3630 2953 178 all, so da ligent, also das der eins jars, so man sin bedoͤrfte, gieng ùbˀ ein ackˀ

1105 3716 2898 154 un̄ darnach ùbˀ die andˀn nach un̄ nach, un̄ denocht e das vollzogen der

1123 3821 2874 147 weg abˀ, als vor stât, erbetten wurd, un̄ ist von recht dhein weg da, soͤll

1135 3913 2917 159 ouch nitt da sin. disz red un̄ behep ich bi minē eid un̄ erbùt mich ouch fùro

1129 3998 2874 191 darub̄ sweren un̄ tùn mugen das rˀcht, ob un̄ wen̄ das not un̄ billich ist, nie¬

1135 4121 2948 141 man zeleid, zelieb, noch um̄ dheinˀ andˀn sach den̄ allein um̄ der warheit

1105 4213 2904 166 un̄ des rechten willn̄, das damitt ze fùrdˀn ungevˀlich. mitt urkùnd disz

1148 4281 2892 196 briefs, dar in der ersam, wisz Ùlrich Grùlich, der zit schulth̄s ze Brugg,

1166 4385 2861 184 sin insigel fùr mich, brestēhalb eigens, von minˀ bett wegen, im un̄ sinen

1142 4495 2861 178 erbn̄ ân schad₎, des zewarē urkùnd offenlich gedruckt hàt un̄ gebn̄ ist uff

1086 4600 2831 269 unser frowen abent visitacōis, anno dn̄i m cccc l primo.
