6649 4909
998 441 3850 176 Wir, nachbenempten Welti Gerwer, burger ze Mellingen, und Hans Frig von Scherntz, bekēnent offenlich mitt disem brief als den̄ Clewi Frig, min, Hans Frigen, bruͦder,

1149 539 3699 103 und ich ein hoff und guͦt ze Scherntz gelegen, ✳ der das jarzitampt ze Kùngsfeld von dem gotzhus zuͦ Wettingen mitt andˀm zuͦ kouf ankomen ist und jerlichs zins giltet sechzechē

1145 392 3707 291 mùtt roggen, zwey fiertel kernen, zwen mùtt gersten, vier malter habˀn, vierzechn̄ schillīg haller, zwey herpsthuͤnr, ein vasnachthuͦn und drissig eiger ✳ von dem selbē jarzitampt un̄ sinen

1153 392 3720 327 pflegˀn buwent. ✳ und aber dˀselb Clewi, min bruͦder, bi sinē teil des hofs und zinsz dem jarzitampt nach eigēlicher rechnūg darub̄ uff hùtt, datū disz briefs, mitt im in unserm und andrer

1141 519 3724 245 biwesen durch die wirdigen, geistlichē frowen, frow Annan Fundlin, jetz des jarzitampts pfleͣgerin, und Cuͦnratē Widmer, irm amptman, beschechn̄, ✳ schuldig belipt bi usstaͤndē zinsē un̄

1137 392 3744 413 mitt dem zinsz, uff santt Martins tag, nechstkomēt, vallēt, ✳ fùnf mùtt kernē, hundˀt und fùnf mùtt, zwey fiertel, drig vierlīg und ein imi roggē, zwentzig un̄ drig mùtt und andˀhalb viertel

1153 392 3744 467 gersten, drissig und vier malter und drù viertel habˀ, fùnff pfund und acht schilling ✳ haller. ✳ darub̄ si jetz den gantzen hoff zuͦ des jarzitampts handen wolten gebracht, ✳ den̄ das wir, obgen̄

1125 797 3760 102 Welti Gerwer und Hans Frig, mitt unser ernstigen bett und nach dem uns vil daran gelegen was mitt namē mir, Hansen Frigen, umb min halbteil des hofs und mir, Weltin Gerwer, mercklicher

1153 392 3748 544 schuld halb, die mir Clewi Frig schuldig ist ✳ und ich suss niendˀt zebekomēt weisz, ✳ ander genēpten unser frowē der jarzitmeisterin ✳ jetz vˀkomē und disz nachgemelten teding der zinsz halb fundē un̄

1145 392 3760 589 willenklich ufgenomē habent und si uns damitt des jarzitampts un̄ ir gerechtikeit der vˀsessnē zins halb ✳ den hof darub̄ zebezichē und haben uf und ùbergeben ✳ und wir darzuͦ gestandē sind ✳ inden

1153 928 3728 82 gedingē, so hernach stand, ✳ mittnamē das wir, egen̄ Welti Gerwer und Hans Frig, die egen̄ sum̄ der vˀsessnen zinsen ✳ gemeinlich und unvˀscheidēlich fur uns und all unser erben, mitt uns darzuͦ ✳

1149 969 3736 94 verbunden, ✳ und als unser eigen schuld, die si ouch ist, ✳ haben ✳ und als recht unverscheidē houptgùltē dem jarzitampt und sinē pflegern bezaln soͤllēt und wellent, und damitt die jerlichē zinsz vō hof,

1153 1014 3724 82 so hin fùr jerlich vallēt und der sum̄, vor stat, ✳ zuͦ den hienachgenēpten ziln, ✳ mittnamen uff santt Martins tag, nach datū dis briefs nechstkomēt, drissigundein stuck und danēthin jegklichs

1162 1059 3678 86 jars je uff santt̄ Martins tag den jerlichē zinsz vō hof, so den̄ gevallen ist und vor stat. ✳ und damitt der obˀn sum̄ der usstaͧnden zinsen zechen stuck aͧn all mindrūg, abbrùch und fùrwort ✳

1162 1108 3743 78 bisz die sum̄ der usstaͧnden zinsen gantz bezalt wirt ✳ und als uff der einen zelg ze Scherntz der obgen̄t hof wenig und mindˀ acker hat, den̄ uff den andern zwein zelgen daselbs, darub̄ ist herin̄

1174 1153 3723 78 berett, wen̄ uff derselbn̄ zelg hinfùr korn stàt, namlich je am dritten jar, ✳ und deshalbn̄ die obgen̄t sum̄ der jerlichen und vˀsessnen zinsen nitt gantz moͤcht usgericht werden als vor staͧt, ✳ das den̄

1149 1198 3748 82 das so deshalbē der selbn̄ sum̄, des jars gevalln̄, belipt usstaͧn, ✳ wir und unser erben ✳ des nechsten jars darnach mitt der andˀn sum̄, so uff den̄, als vorstàt, valt, ✳ usrichten, ervollen un̄ bezaln soͤllēt

1166 1239 3735 86 und wellēt und denocht desselbn̄ jars, so je die klein zelg des hofs halb ist ✳ nùtzit durch liederlikeit, noch andrˀ inzùgen willen aͧn soͤlich ursach ✳ des gevallnen zinsz und sum̄, als vor stât, usstaͧn lassē,

1178 1284 3703 82 sunder des und daran sovil wir vˀmogent und dem buw der zelghalb geburlich und billich ist, ✳ bezaln, so dick das hinfùr, als vor stât, zeschuldē kumpt. ✳ wir, obgen̄ten Welti Gerwˀ und Hans

1170 1329 3715 90 Frig, desglichn̄ ouch unser erben und nachkomen, sond ouch den obgen̄ hoff mitt aller zuͦgehoͤrd und inallweg inguͦtem, redlichē buw und eren, jetz und hinfùr, allweg habn̄, ✳ halten, ✳ zinsen und,

1157 1382 3716 82 ob wir jemˀ davō gaͧn woͤlten, dem jarzitampt den ufgebn̄, ✳ alles nach lands und des ampts im Eigen recht, sitt und gewonheit ✳ und sunder, das wir oder unser erbn̄ odˀ nachkomē, ob wir

1162 1423 3698 86 oder si den hof ufgebn̄ odˀ unser gerechtikeit daran verkouffen odˀ ùbˀgeben woͤlten, ✳ davor ✳ all usstand zinsz, so der zit daruff unbezalt usstaͧnd, ✳ es sie dˀ obˀn versessnen odˀ kùnftigē zinsen, ✳ gantz

1162 1468 3698 86 bezaln und dem jarzitampt und sinen pflegern usrichten und tuͤn soͤllent, als nach soͤlichē rechten billich ist ✳ und anders nitt. ✳ und als wir, egen̄ Hans und Clewi Frig, ✳ den selbn̄ hoff

1174 1501 3731 98 under uns selbs als gebruͦder zeteiln fùrgenomen und aber das des jarzitampts pfleger nitt vˀwilliget hatten noch tuͦn meynēt, darub̄ ist her in̄ namlich berett, das der selb hof un̄ guͤtˀ

1153 1562 3720 86 des jarzitampts und unser gneͣdigen frowen, ouch des ampts pfleger halb, gegēwurtig und kùnftig, jetz und hinfùr allweg sol gantz ungeteilt, sunder ein hof und guͦt heissen sin und

1166 1599 3748 90 bliben, ✳ ouch also von dem ampt und inen gebuwen, ✳ gehept, ✳ gezinst ✳ und gehalten werden, als ein hof und guͦt ✳ und immasz, als vor stat, ✳ und soͤlich unser fùrnemen dar in̄ und deshalbē

1166 1660 3719 82 dem ampt noch inen daran dehein irrūg, abbruch, gebresten noch schaden zuͤfuͤgen noch bringen, sunder irhalb bestan und sin, als ob des nie gedaͧcht wer. ✳ ✳ und also gelobēt un̄ ver¬

1186 1705 3670 82 sprechent wir, vilgen̄ Welti Gerwer und Hans Frig, gemeinlich und unvˀscheidenlich fùr uns und all unser erben und nachkomen diser teding in allen worten und gedingē, so vor und

1166 1742 3703 82 nach stand, und mitt namen der bezalūg der versessnen und kùnftigen zinsen halb, hinfùr alle jar nach der in̄halt und deshalben disen brieff und sin in̄halt gantz und voͤllēklich

1170 1799 3731 86 nach zekoment, ✳ der gnuͦg zesind und tuͦnd, wie und als dick sich das hinfùr gebùrt, ✳ ouch dawider niemer zekoment, zeredent, zetuͤnd, schaffen, verhengen noch gehelln̄ getaͧn werd₎

1170 1844 3695 82 ùbˀal ineynich wise, sunder das alles war, stet und vest zehalten, jetz und zuͦ kùnftigē ziten, alles bi unsern guͦtē truwen und mitt sunder pen und geding der bezalūg halb, ✳ ob

1166 1894 3707 81 wir, unser erbn̄ odˀ nachkomen ✳ die bezalūg umb vˀsessen und kùnftig zins hinfùr eynichs jars zuͦ den ziln un̄ immasz, als vor stât, ✳ nitt gantz teͣten noch der nachgiengent, als vor

1178 1930 3719 107 eigenlich begriffen ist, ✳ darub̄ mogent unser gnedig frowen und des jarzitampts ze Kùngsfelden pfleger, so der zit sind, durch sich selbs, ir amptlùt odˀ botten uns, unser erbē, nach¬

1170 1988 3686 90 komen den obgen̄ hof und all ander unser guͤter sampt und sundˀ mitt gericht, weltlichē, geistlichē oder aͧne angriffen, bekùmbˀn und noͤten, als vil und lang bisz je die bezalung

1157 2045 3724 86 beschicht und der halb der teding, wie vor stat, voͤllenklich nachkomen, ouch cost und schad, deshalbē ufgelouffen, inen gantz bezalt wirt, gantz àn irn schadē und sodick, das ze¬

1182 2090 3678 94 schulden kumpt, bisz die bezalung, wie vor stât, gantz beschicht und in die und allweg der teding und in̄halt disz briefs gantz nachkomē wirt, so dick sich das hin fùr gebùrt,

1166 2139 3723 94 und hievor noch wider sol uns, unser erbē, nachkomē, noch guͤtˀ gantz nùtzit behelfen, schirmen, tecken sin, wir fùr zichen, bruchē noch geniessen ùbˀal ineynich wise, sunder

1157 2184 3728 98 bi dem, so vor stât, bestan alles luter aͧn all geverd und des alles ze warem, verstem urkùnd hand wir, dickgen̄ Welti Gerwer und Hans Frig, erbetten den fromen, wisen

1153 2237 3761 98 Uͦlrich Grùlich, schulthn̄ ze Brugg, das der sin insigel fùr uns, im und sinē erbē aͧnschadē, und darunder wir uns diser sach fùr uns, unser erbē und nachkomē immasz als vor

1170 2290 3699 160 stàt wissentlich und vestēklich verbindēt, offenlich hat gehenckt an disen brief, der hierub̄ gemacht und gebn̄ ist uff sun̄tag vor santt̄ Margreten tag, nach Cristi ge¬

1166 2352 883 143 bùrt vier zechenhundert und sechzig jar.
