7360 4912
1878 679 3300 164 Wir nachbenempten, Niclaus Fricker, der zit schulth̄s ze Brugg, Heini Zymberman von Lupfen und Heini Hofer von Scherntz, bekēnent offenlich mitt

2001 773 3197 123 disem brieff, als ettwas zweyūg gewesen sind zwischent der erwirdigen, geistlichen frowen, frow Ursulen von Mùlinen, klosterfrowen und jetz pflegerin

2005 830 3181 119 des jarzitampts ze Kùngsfelden, und Cuͦnrat Widmer, irm amptman und pfruͦnder daselbs ze Kùngsfeld, von wegen des jetz genempten jarzitampts

2001 884 3209 118 einer, ✳ und Hēman Waltman von Windisch ander sit, von wegen diser hienachgenempten stucken. ✳ namlich und des ersten eins guͤtlis, gelegen zuͦ Gebi¬

2013 933 3189 118 storf, ✳ das Hēman Waltman in̄, ✳ und das jarzitampt obgen̄t ein mùtt kernengelts ewigs zinsz ✳ daruff, von und ab erkouft haͧt, ✳ do der Waltman meint, wie

2013 986 3177 119 im andem zinsz, dem mùtt kernēgelts, von wegen des schadēs, ✳ dem und andern guͤtˀn zuͦ Gebistorf vom wasser zuͦgefuͤgt, ✳ so vil abgan soͤlt ✳ als andˀn von Ge¬

2018 1043 3172 99 bistorf, nach in̄halt des spruchs darub̄ beschechen ꝫcꝭ. ✳ das aber unser frow von Mùlinen und der Widmˀ von wegen das jarzitampts nitt meinten, ✳ den̄ der

2022 1101 3184 94 mùtt kernengelts wer erst nùwlich uff dem guͤtlin erkouft und hett ouch deshalb darub̄ ander gestalt den̄ umb andˀ zinsz und guͤter daselbs, als Waltman des

2013 1154 3226 90 vor ouch eigenlicher undˀwist und daruf von der muͦtung gestanden wer, ✳ und meinten dawider, ✳ darub̄ si ouch den Waltman vorab und e er ùtzit an si vordˀte

2026 1203 3160 82 inrecht genomen hetten, ✳ davon si erbetten weren, ✳ indem kouf des mùtt kernengelts von dem obgen̄ guͤtlin ✳ wer berett, ✳ das der Waltman jerlich in das guͤtli

2038 1244 749 94 fuͤren soͤlt zechen karreten buws, ✳ das

2758 1240 70 57 er

2783 1252 2505 86 aber dahar nitt getaͧn hett, ✳ do si getruwten, er soͤlt das erfollen ✳ und hinfùr tuͦn, ✳ inen ouch disz nachgeschriben zinsz und schul¬

2026 1293 3197 119 den usrichten, ✳ namlich und des ersten vier mùtt kernen versessens zinsz von dem obgen̄ guͤtlin, ✳ item sechs pfund, siben schillīg von Ruͤdin Waltman, sinem

2034 1346 3217 103 bruͦder, selig, harruͤrent, ✳ aber drù pfund andrˀ schuld, ✳ die Waltman meint dem Leder zalt habn̄, ✳ des abˀ der Leder noch si nitt gichtig weren, ✳ item ein guld₎

2030 1416 3180 86 von der Bùrrˀin wegen und aber den̄ zwey fiertel kernen und zwey fiertel roggen, hettent si dem Waltman gelichen. ✳ der letsten driger stucken, namlich

2042 1457 3177 98 des guldin von der Bùrrˀin wegen und des gelichnen korns, ✳ sich Hēman Waltman bekan̄t und aber meint der andˀn stucken allenklich, ✳ und sundˀ des

2054 1510 3226 102 buws in das guͤtli, als vor staͤt, ze fuͤren ꝫcꝭ, nitt pflichtig ze sinde, als er ouch das mitt wer worten rett. ✳ semlicher ir zweyūg si bedteil, vorgenēpt, uff uns,

2050 1563 3181 98 obgen̄ drig, komen sind, ✳ die ufgeben, ✳ gelopt und versprochen habent, ✳ mittnamen der obgen̄t Widmer ✳ an statt der vorgenēpten unser frow von Mùlinē,

2038 1629 3177 90 ouch fùr si, ✳ sich selbs, ir nachkomen und das jarzitampt zuͦ Kùngsfeld, dickgen̄t, ✳ und Hēman Waltman fùr sich, sin erben und nachkomen, ✳ unsern spruch

2058 1661 3226 111 darin̄ ze halten und dawider niemer zekoment, zeredent, zetuͦnd, schaffen, vˀhengen noch gehellen getân werden indhein wise. ✳ und daruf hand wir oͧch

2058 1723 3189 102 nach eigēlichem vˀhoͤren und underwisen der sach, mitt mer worten beschechen, hierub̄ in der frùntschaft und mitt ir wissen und willen gesprochen das,

2075 1780 3226 98 so hˀnach stât. ✳ namlich und des ersten sol der mùtt kernēgelts uff, von und ab dem obgen̄ guͤtlin mitt siner zuͤgehoͤrd, wie der darab erkouft und bishar

2075 1842 3226 106 gangen ist, ✳ hinfùr als bishar dem jarzitampt ✳ bestaͧn, ✳ gan und jerlich usgericht werden, ✳ also das des nach des Waltmans muͦtūg als von des schadens

2063 1874 3246 127 des wassers wegen, als vor stât ꝫcꝭ, gantz nùtzit abgan sol. ✳ der Waltman, sin erben und nachkomen, so hinfùr das guͤtli in̄habent, ✳ sond ouch fùr die zechē

2067 1944 3238 123 karreten buws ꝫcꝭ hinfùr jerlich indas guͤtli fuͤren und tuͦn fùnff karˀeten buw, und was si der hinfùr dheins jars darin zefuͤren und tuͦn ùbˀsitzen un̄

2083 1989 3197 110 nitt tuͦnd, ✳ es sie die fùnff kaˀreten all oder dero vil odˀ wenig, sond si des odˀ der nechsten nachkomenden jaren ✳ erfollen ✳ und darin fuͤren und tuͦn, ✳ wen̄ un̄

2079 2050 3213 107 sovil si des andes jarzitampts pflegern, so je sind, ✳ nitt aberbitten noch mitt ir willen fùro behebn̄ mogen. ✳ wellent ouch der Waltman odˀ sin erben das

2063 2103 3233 103 guͤtli hinfùr jemˀ verkouffen, ✳ mogent si wol tuͦn, namlich ir recht daran, dem jarzitampt und unsern gnedigen frowen von Kùngsfeld und irn nachkomē

2071 2165 3189 106 von des ampts wegen an irm zinsz und rechten und sunder anden obgemelten gedingen gantz unvˀgriffen und aͧn schaden, den̄ die sond hinfùr allweg

2079 2210 3197 123 bestan und gehalten werden, wie vorstât, ✳ aͧn alles widertriben. ✳ soden̄ von der schuld wegen zinsz und andˀs, als vor stât, ✳ sprechen wir, das der Walt¬

2075 2271 3254 119 man dem jarzitampt und des pflegern, obgen̄t, fùr die vier mùtt kernen vˀsessens zinsz vom guͤtlin, ✳ die sechs pfund, siben schillīg von Ruͤdin, sinē bruͦdˀ, har¬

2071 2316 3156 135 ruͤrent, und fùr die drù pfund, die Waltman meint dem Leder zalt habē ꝫcꝭ, usrichten und geben sol fùr sich und sin erbē zwen mùtt kernen und fùnff pfund

2071 2370 3156 126 haller bisz san̄tt Martins tag, nechstkoment, und damitt den zinsz, den mùtt kernē, von dem guͤtlin uff den selbn̄ tag vallent. ✳ den guldin von der Bùrrˀin

2079 2431 3181 131 wegen und das gelichen korn, ✳ kernē und roggen als vor, sol Waltman inen zaln, als er das an inen gehabn̄ mag, den̄ wir darub̄ nùtzit sprechent. ✳ ✳ ✳ und hie¬

2063 2480 3213 127 mitt sond si, die obgen̄ beidteil, fùr sich und als vor stât umb soͤlich ir zweyūg und all vˀgangen ansprach und sachen daharruͦrent ✳ gantz vˀricht un̄ vˀslicht sin,

2046 2529 3173 131 ouch disen unsˀn spruch bi irm ufgebn̄, geloben un̄ versprechen, als vor stât, halten, ✳ den̄ wedrˀ teil dawider teͣt und den spruch nitt hielt ✳ und das kuntlich

2063 2578 3221 135 wer oder wurd, der soͤlt dem andˀn teil siner sach und zuͦsprùchn̄ vorbegriffen und uns sprechern ein soͧm guͦts, rots wins zuͦ rechter pen und ursatz vˀfallē

2083 2644 3168 123 und abzetragen vˀbund₎ sin aͧn alle fùrwort, ✳ alles lùterlich aͧn alle geverde. ✳ inkraft und urkùnd unsers spruchs und disz briefs, den wir obgen̄ sprecher,

2079 2685 3152 139 Niclaus Fricker, Heini Zymbˀman und Heini Hofer, ✳ dem obgen̄ jarzitampt nach muͦten und begeren siner pfleger, dickgenēpt, ✳ darub̄ mitt min, Niclaus

2099 2738 3169 143 Frickers, angehencktem insigel von unser aller wegen, doch uns und unsern erben aͧn schaden, ✳ des alles ze warem, vestem urkùnd ✳ offenlich vˀsigelt, gebē

2095 2803 3095 193 habent, do ouch diser unser spruch beschechn̄ ist, namlich uff sunētag nechst vor santt Laurentien tag, nach Cristi gepùrt vierzechenhundert

2095 2893 459 181 fùnfzigundvier jar. ✳
