7360 4912
1784 863 3856 164 In biwaͤsen jungkhˀ Ludwig Zechenders, schulths ze Arow, Uͦlrich am Buͤls, althoffmeistˀ ze Kungsfeldn̄,

1784 978 3770 127 Cuͦnrad Widmer, pfruͤnder daselbs, Hans Killchhˀ von Villingen, und min, Ruͦdolff Niesszlis, hoffmeistˀ,

1772 1068 3893 131 hand, Uͦlrich Lener, Werna Stilli und Fridli Mùszlerˀ, all von Stilli, ✳ unsˀn gnedigen frown̄ von Kùngsfeld̄

1780 1158 3873 143 ir guͦt in Ital mit holtz, vaͤld, wun, weid, wasser und wasserrùnsen und sunder mit aller raͤchtung,

1764 1248 2206 160 nutzung und zuͦgehoͤrt, als ir vorvarn un̄ si das von

3933 1240 189 78 alter

3966 1248 1613 123 harbracht, inngehept und genossen hand,

1776 1338 3950 156 oben an des ersamen, wisen Niclawsen Frikers, jetz statschriber ze Bern, matten gelegen, ze kouffen gebn̄

1780 1428 3979 147 umb hundˀt zwentzig und fùnff guldin. ✳ ✳ also das es lechen von der herschafft Schenkenberg und sust

1792 1535 3959 114 fry, ledig eigen und von menklichem unbekumbert und unansprechig sye und sin soͤlle. ✳ und sol die be¬

1792 1600 3922 156 zalung uff sant Martins tag naͤchstkùnfftig odˀ achttag darnäch ungevarlich än zins beschechn̄.

1797 1686 3315 168 oder ob die bezalun̄g nit beschech uff die obgen̄t₎ zil, davon saͤchs guldin un̄ ein ort

5039 1690 163 98 zins

5112 1698 565 119 und danenhin

1801 1784 3954 148 jerlich uff sant Martins tag ze widerkouff und losun̄g und inen darumb guͦt sichˀ besorggnùsse nàch

1792 1870 3963 160 soͤllichˀ zins raͤcht, sit und gewonheit ✳ näch ir notturfft uffrichten. ✳ und die von Stilli soͤllend unsˀm hˀn

1780 1968 4012 140 von Baldegg soͤllich lechen nach dero innhalt, notturfft und gewonheit uffgebn̄ und bitten, ✳ ùnsˀn frown̄

1788 2046 3922 148 oder irˀn amptlùtten an ir statt zelichn̄, ✳ ✳ wrd abrˀ unsˀn egent₎ frown̄ oder denen als vorstàtt von unsˀm hnˀ von

1813 2136 3987 2780 Baldegg nit gelichn̄, soͤlt an disem kouff des bodens halb nit ✳ sundˀ umb den nutz disz kùnfftig jär, was der genant

1801 2214 3942 131 schulthēs und Hans Kilhˀ sprechen, inen dafùr ze gebn̄ schuldig sin, ✳ wirt abrˀ unsˀn frown̄ also gelichn̄ damit

1780 2296 3942 143 der kouff bestätt und bestän ✳ sol ✳ von den von Stilli ✳ unsˀn frown̄ ✳ wo und wie das billich ist, nach aller notturfft

1805 2382 3946 135 gevˀtigot ✳ und die alten lechenbrieff und all andˀ gewarsami, so si darumb inne hand, hˀus gevolgen und gebn̄

1792 2464 3967 168 werdn̄, ✳ mit urkùnd diser beyalzedel, zwen von von wort ze wordt glich lutend, uszeinandˀn geschnitten und

1784 2550 2039 217 geben uff sant Johans tag ze sunwendn̄ anno ꝫcꝭ lviiij.
