<?xml version="1.0" encoding="UTF-8"?>
<alto xmlns:xsi="http://www.w3.org/2001/XMLSchema-instance"
      xmlns="http://www.loc.gov/standards/alto/ns-v4#"
      xsi:schemaLocation="http://www.loc.gov/standards/alto/ns-v4# http://www.loc.gov/standards/alto/v4/alto-4-2.xsd">
  <Description>
    <MeasurementUnit>pixel</MeasurementUnit>
    <sourceImageInformation>
      <fileName>U-17_0761_r.jpg</fileName>
      
    </sourceImageInformation>
  </Description>
  
  <Layout>
    <Page WIDTH="6956"
          HEIGHT="4631"
          PHYSICAL_IMG_NR="118"
          ID="eSc_dummypage_">
      <PrintSpace HPOS="0"
                  VPOS="0"
                  WIDTH="6956"
                  HEIGHT="4631">
        
        <TextBlock HPOS="1055"
                   VPOS="1111"
                   WIDTH="5317"
                   HEIGHT="1692"
                   ID="region_1516715476752_8"
                   TAGREFS="BT">
          <Shape><Polygon POINTS="1055 1111 6372 1111 6372 2803 1055 2803"/></Shape>
          
          
          <TextLine ID="region_1516715476752_8l1"
                    
                    BASELINE="1118 1294 1385 1304 1653 1312 1920 1316 2188 1318 2455 1318 2723 1316 2991 1312 3258 1315 3526 1310 3793 1295 4061 1288 4328 1282 4596 1276 4864 1269 5131 1264 5399 1260 5666 1258 5934 1258 6202 1260" 
                    HPOS="1107"
                    VPOS="1150"
                    WIDTH="5092"
                    HEIGHT="192">
            <Shape><Polygon POINTS="1115 1292 1107 1180 1293 1177 1297 1177 1297 1177 1300 1177 1312 1180 1497 1227 2235 1227 2431 1180 2485 1169 2485 1169 2485 1169 2489 1169 2617 1180 2999 1215 3439 1215 3485 1192 3485 1192 3489 1192 3489 1192 3489 1192 3493 1192 3493 1192 3493 1192 3497 1192 3555 1211 3643 1180 3698 1161 3698 1161 3701 1161 3701 1161 3705 1161 3705 1161 3705 1161 3794 1180 3914 1207 4030 1180 4072 1173 4072 1173 4072 1173 4076 1173 4076 1173 4145 1180 4292 1200 4342 1180 4381 1165 4381 1165 4385 1165 4385 1165 4385 1165 4388 1165 4388 1165 4392 1165 4392 1165 4439 1180 4500 1204 4636 1180 4802 1153 4802 1153 4805 1153 4805 1153 4805 1153 4964 1180 5064 1200 5103 1180 5172 1150 5172 1150 5172 1150 5176 1150 5176 1150 5180 1150 5570 1150 5570 1150 5570 1150 5774 1180 5821 1188 5844 1180 5925 1157 5929 1157 5929 1157 5929 1157 5933 1157 6195 1184 6199 1258 6199 1285 2242 1339 2242 1339 1250 1342 1246 1342 1246 1342 1111 1315"/></Shape>
	    <String CONTENT="Wir, disnachbenempten Hanns von Schoͤnnow und Ludwig Zehender, schultheis ze Arow, und Niclaus Fricker, altstattschriber zü Bern, alle dry gemein und schûdlûtt ✳ in diser nachgeschriben"
                    HPOS="1107"
                    VPOS="1150"
                    WIDTH="5092"
                    HEIGHT="192"></String>
          </TextLine>

          
          
          <TextLine ID="region_1516715476752_8l3"
                    
                    BASELINE="1194 1352 1458 1358 1722 1362 1986 1364 2251 1364 2515 1364 2779 1360 3044 1356 3308 1350 3572 1345 3837 1339 4101 1332 4365 1326 4630 1320 4894 1320 5158 1316 5423 1306 5687 1304 5951 1302 6216 1304" 
                    HPOS="1188"
                    VPOS="1246"
                    WIDTH="5026"
                    HEIGHT="139">
            <Shape><Polygon POINTS="1192 1350 1188 1300 3493 1300 6207 1246 6214 1300 6210 1323 1192 1385"/></Shape>
	    <String CONTENT="sach, bekennen offenlich und tuͤnd kund menglichem mitt disem brieff, als von soͤllicher stoͤsz und spenne wegen, so dann vor ettwas ziten sich ufferhaben haben, ✳ bishar gewert und noch gewe¬"
                    HPOS="1188"
                    VPOS="1246"
                    WIDTH="5026"
                    HEIGHT="139"></String>
          </TextLine>

          
          
          <TextLine ID="region_1516715476752_8l4"
                    
                    BASELINE="1186 1404 1449 1410 1712 1414 1976 1414 2239 1414 2503 1412 2766 1410 3030 1404 3293 1400 3557 1394 3820 1387 4084 1380 4347 1374 4611 1368 4874 1362 5138 1358 5401 1354 5665 1352 5928 1350 6192 1352" 
                    HPOS="1181"
                    VPOS="1304"
                    WIDTH="5010"
                    HEIGHT="127">
            <Shape><Polygon POINTS="1185 1400 1181 1346 1949 1358 6183 1304 6191 1350 6187 1389 1185 1431"/></Shape>
	    <String CONTENT="sen sind ✳ entzwischent Hans Arnolten Segesser, ✳ dozemaͧl zuͦ Hapspurg gesessen, und nū ùnnsern gnedigen froͧwen zu Kùngsvelden, ✳ als dann er, der selbe Arnolt Segesser, ✳ den ùnnsern gnaͤdigen frowen dz "
                    HPOS="1181"
                    VPOS="1304"
                    WIDTH="5010"
                    HEIGHT="127"></String>
          </TextLine>

          
          
          <TextLine ID="region_1516715476752_8l5"
                    
                    BASELINE="1186 1458 1450 1464 1715 1466 1980 1468 2244 1466 2509 1464 2774 1460 3039 1456 3303 1450 3568 1444 3833 1437 4098 1430 4362 1424 4627 1418 4892 1412 5157 1408 5421 1404 5686 1402 5951 1402 6216 1404" 
                    HPOS="1177"
                    VPOS="1354"
                    WIDTH="5037"
                    HEIGHT="139">
            <Shape><Polygon POINTS="1185 1454 1177 1404 6207 1354 6214 1400 6210 1424 1185 1493"/></Shape>
	    <String CONTENT="schloss Hapspurg mitt aller zuͦgehoͤrd zekouffen gegeben hät nach lutt der brieffen, darumb wysende, an einem, ✳ und dero von Brugg innamen eins lùtpriesters ✳ und fruͤmessers, ✳ ouch der kirchen Sant"
                    HPOS="1177"
                    VPOS="1354"
                    WIDTH="5037"
                    HEIGHT="139"></String>
          </TextLine>

          
          
          <TextLine ID="region_1516715476752_8l6"
                    
                    BASELINE="1158 1516 1423 1518 1689 1520 1954 1520 2220 1518 2485 1515 2751 1510 3017 1506 3282 1499 3548 1492 3813 1486 4079 1478 4344 1472 4610 1466 4876 1460 5141 1456 5407 1452 5672 1450 5938 1450 6204 1452" 
                    HPOS="1146"
                    VPOS="1400"
                    WIDTH="5057"
                    HEIGHT="135">
            <Shape><Polygon POINTS="1154 1512 1146 1458 6195 1400 6203 1451 6199 1474 1158 1535"/></Shape>
	    <String CONTENT="Niclausen daselbs am ander teil, ✳ harruͤrent ✳ ansprach halb, so dann der selbe ir lùtpriester insonders vermeint zehaben ✳ von sechs rùtinan wegen, davon im jerlichen sechs viertal roggen nach eins rodels in̄¬"
                    HPOS="1146"
                    VPOS="1400"
                    WIDTH="5057"
                    HEIGHT="135"></String>
          </TextLine>

          
          
          <TextLine ID="region_1516715476752_8l7"
                    
                    BASELINE="1178 1568 1441 1572 1704 1574 1967 1573 2230 1570 2493 1568 2756 1562 3020 1556 3283 1550 3546 1542 3809 1536 4072 1528 4335 1521 4599 1514 4862 1508 5125 1504 5388 1500 5651 1500 5914 1500 6178 1502" 
                    HPOS="1169"
                    VPOS="1447"
                    WIDTH="5007"
                    HEIGHT="158">
            <Shape><Polygon POINTS="1177 1566 1169 1520 6168 1447 6176 1501 6168 1535 4416 1535 4072 1562 4072 1562 4068 1562 3864 1551 3825 1570 3821 1570 3821 1570 3821 1570 3817 1570 3817 1570 3817 1570 1177 1605"/></Shape>
	    <String CONTENT="halt gevallen ✳ und aber von sechs rûtinā sechs viertal roggen ✳ und denne von einer halben rûti ein schilling haller, disz nach innhalt des jartzit buͦchs ✳ einem fruͤmesser und der kirchen alle jar ouch vallen und"
                    HPOS="1169"
                    VPOS="1447"
                    WIDTH="5007"
                    HEIGHT="158"></String>
          </TextLine>

          
          
          <TextLine ID="region_1516715476752_8l8"
                    
                    BASELINE="1178 1620 1441 1624 1704 1624 1967 1622 2230 1620 2493 1616 2756 1612 3020 1606 3283 1600 3546 1593 3809 1586 4072 1578 4335 1572 4599 1566 4862 1560 5125 1556 5388 1552 5651 1548 5914 1548 6178 1548" 
                    HPOS="1169"
                    VPOS="1497"
                    WIDTH="5007"
                    HEIGHT="158">
            <Shape><Polygon POINTS="1177 1616 1169 1578 6168 1497 6176 1547 6172 1562 1177 1655"/></Shape>
	    <String CONTENT="werden soͤlten ꝫcꝭ. des sich aber der selb Hans Arnolt dozemal widert und spart und invermeinūg, inen nûtt pflichtig noch schuldig zuͦtuͤnd waͤr, noch sin soͤlte, ✳ und vereinten sich der selben spenn und stoͤsz uff"
                    HPOS="1169"
                    VPOS="1497"
                    WIDTH="5007"
                    HEIGHT="158"></String>
          </TextLine>

          
          
          <TextLine ID="region_1516715476752_8l9"
                    
                    BASELINE="1168 1668 1430 1672 1693 1674 1956 1674 2219 1672 2482 1667 2745 1662 3007 1656 3270 1650 3533 1642 3796 1634 4059 1628 4322 1620 4584 1613 4847 1607 5110 1602 5373 1598 5636 1596 5899 1596 6162 1598" 
                    HPOS="1158"
                    VPOS="1539"
                    WIDTH="5002"
                    HEIGHT="155">
            <Shape><Polygon POINTS="1165 1667 1158 1624 5597 1539 5601 1539 6156 1555 6160 1597 6160 1624 1165 1694"/></Shape>
	    <String CONTENT="ùns ✳ und als nū die gedachten unnser gnaͤdig froͧwen ✳ das schloss Hapspurg von dem selben Hans Arnolten Segesser erkoufften inmaͧssen, als ob lutt, do wurde in dem kouff begriffen und beredt, ✳ das"
                    HPOS="1158"
                    VPOS="1539"
                    WIDTH="5002"
                    HEIGHT="155"></String>
          </TextLine>

          
          
          <TextLine ID="region_1516715476752_8l10"
                    
                    BASELINE="1178 1716 1439 1720 1700 1724 1961 1724 2222 1722 2483 1718 2744 1719 3006 1713 3267 1701 3528 1694 3789 1686 4050 1678 4311 1670 4573 1663 4834 1656 5095 1652 5356 1648 5617 1644 5878 1644 6140 1646" 
                    HPOS="1169"
                    VPOS="1597"
                    WIDTH="4968"
                    HEIGHT="155">
            <Shape><Polygon POINTS="1177 1713 1169 1667 6129 1597 6137 1644 6133 1678 4300 1686 4211 1709 4184 1713 4184 1713 4184 1713 4180 1713 4180 1713 4141 1709 4010 1694 3898 1713 3871 1717 3871 1717 3871 1717 1721 1748 1717 1748 1679 1748 1455 1728 1177 1752"/></Shape>
	    <String CONTENT="die selben spenn und stoͤsz uff ùns zuͦ entscheiden, es waͤr in mȳn oder recht, bliben und bestaͧn soͤlten ✳ inglicherwysz ✳ als dann sy, die selben Hans Arnolt Segesser und die von Brugg, das uff uns zeustrag komen"
                    HPOS="1169"
                    VPOS="1597"
                    WIDTH="4968"
                    HEIGHT="155"></String>
          </TextLine>

          
          
          <TextLine ID="region_1516715476752_8l11"
                    
                    BASELINE="1176 1778 1436 1782 1707 1770 1968 1770 2229 1768 2490 1764 2751 1760 3011 1754 3272 1748 3533 1741 3794 1734 4055 1728 4316 1720 4576 1714 4837 1708 5098 1702 5359 1698 5620 1696 5881 1694 6142 1694" 
                    HPOS="1165"
                    VPOS="1644"
                    WIDTH="4976"
                    HEIGHT="165">
            <Shape><Polygon POINTS="1173 1775 1165 1725 6133 1644 6141 1690 6137 1713 1173 1809"/></Shape>
	    <String CONTENT="werint. also haben wir uff disen hùttigen tag, den datum disz brieffs bezeichnot, die selben ir sach, spenn und stoͤsz fûr handen genomē und ir ansprach und widerred vˀrhoͤrt ✳ und mit eim schutheissen und"
                    HPOS="1165"
                    VPOS="1644"
                    WIDTH="4976"
                    HEIGHT="165"></String>
          </TextLine>

          
          
          <TextLine ID="region_1516715476752_8l12"
                    
                    BASELINE="1186 1818 1446 1818 1707 1818 1968 1816 2229 1814 2490 1808 2751 1804 3012 1798 3273 1792 3533 1799 3794 1793 4056 1773 4317 1768 4578 1762 4839 1756 5100 1752 5361 1750 5622 1748 5883 1746 6144 1748" 
                    HPOS="1177"
                    VPOS="1686"
                    WIDTH="4964"
                    HEIGHT="166">
            <Shape><Polygon POINTS="1185 1817 1177 1771 6133 1686 6141 1744 6137 1771 1949 1840 1945 1840 1945 1840 1941 1840 1941 1840 1887 1825 1185 1852"/></Shape>
	    <String CONTENT="ettlichen der raͤtten von Brugg, so dartzuͦ geschiben sind, innamen irs lùtpriesters, ✳ eins fruͤmessers und der kirchen daselbs ✳ und denne Hans Cristan, der zit hoffmeyster der obgedachten ûnsˀrn gnedign̄ frowē, und"
                    HPOS="1177"
                    VPOS="1686"
                    WIDTH="4964"
                    HEIGHT="166"></String>
          </TextLine>

          
          
          <TextLine ID="region_1516715476752_8l13"
                    
                    BASELINE="1192 1874 1455 1876 1720 1864 1984 1862 2247 1858 2511 1854 2774 1849 3038 1843 3301 1836 3565 1830 3828 1824 4092 1816 4355 1810 4619 1805 4882 1800 5146 1796 5409 1794 5673 1792 5936 1792 6200 1794" 
                    HPOS="1188"
                    VPOS="1790"
                    WIDTH="5011"
                    HEIGHT="104">
            <Shape><Polygon POINTS="1188 1871 1663 1829 6195 1806 6199 1790 6195 1809 1188 1894"/></Shape>
	    <String CONTENT="mit im Uͦlrichen am Buͤll, altenhoffmeister, ✳ und Cuͦnraten Widmˀ, pflegˀr der jarzitn̄, alle dry innamē der selben unsern gnedign̄ frowen ✳ hinusz in das holtz gegen Hapspurg gegangen ✳ und die rûtinā beschoͧwet und besechē."
                    HPOS="1188"
                    VPOS="1790"
                    WIDTH="5011"
                    HEIGHT="104"></String>
          </TextLine>

          
          
          <TextLine ID="region_1516715476752_8l14"
                    
                    BASELINE="1178 1908 1441 1908 1705 1908 1969 1908 2233 1904 2497 1900 2761 1894 3025 1888 3289 1882 3553 1874 3816 1868 4080 1860 4344 1854 4608 1848 4872 1844 5136 1840 5400 1838 5664 1838 5928 1840 6192 1844" 
                    HPOS="1169"
                    VPOS="1782"
                    WIDTH="5022"
                    HEIGHT="155">
            <Shape><Polygon POINTS="1177 1906 1169 1863 6183 1782 6191 1840 6187 1863 1177 1937"/></Shape>
	    <String CONTENT="und als dann zebeider sidt ir ansprach dero von Brugg ✳ und widerred ✳ ûnser gnedig frowen amptlûtt, alle vorbenēpt, wir eigenlich ingemergk genomē und gnuͦgsamclich verhoͤrt haben ✳ allen fùrwand, inred, ✳ widerred und oͧch"
                    HPOS="1169"
                    VPOS="1782"
                    WIDTH="5022"
                    HEIGHT="155"></String>
          </TextLine>

          
          
          <TextLine ID="region_1516715476752_8l15"
                    
                    BASELINE="1194 1950 1456 1952 1719 1952 1982 1952 2244 1948 2507 1944 2770 1940 3033 1933 3295 1926 3558 1920 3821 1913 4084 1906 4346 1900 4609 1894 4872 1890 5135 1886 5397 1884 5660 1884 5923 1886 6186 1890" 
                    HPOS="1185"
                    VPOS="1836"
                    WIDTH="4998"
                    HEIGHT="147">
            <Shape><Polygon POINTS="1192 1948 1185 1898 6176 1836 6183 1887 6180 1910 4002 1921 3728 1948 3659 1952 3659 1952 1192 1983"/></Shape>
	    <String CONTENT="jarzit buͦch, ✳ das aber alles nit not zuͦvergriffen, noch zuͦbeschriben, ✳ sonder allein antreffen ist dryzechenthalb rûtinā, ✳ als dann obstaͧt, im anlasz disz briefs, ✳ so haben wir des ersten gesuͦcht fruntliche mȳn und taͤding sy damit"
                    HPOS="1185"
                    VPOS="1836"
                    WIDTH="4998"
                    HEIGHT="147"></String>
          </TextLine>

          
          
          <TextLine ID="region_1516715476752_8l16"
                    
                    BASELINE="1172 2012 1438 2014 1710 1996 1977 2000 2243 1996 2509 1988 2775 1982 3041 1977 3307 1970 3575 1975 3842 1969 4106 1952 4372 1946 4638 1940 4904 1935 5171 1932 5437 1928 5703 1928 5969 1928 6236 1930" 
                    HPOS="1165"
                    VPOS="1875"
                    WIDTH="5069"
                    HEIGHT="154">
            <Shape><Polygon POINTS="1169 2010 1165 1956 6226 1875 6234 1929 6230 1952 1169 2029"/></Shape>
	    <String CONTENT="zevereinen, das aber also nit erschiessen noch gesin mocht. und nach dem dann sy das zebeider sidt uff ûnns komen sind und die sach uff ûns staͧt als oblutt, ✳ habent si begert von ûns entscheidung ûnsers rechtlichen spruchs,"
                    HPOS="1165"
                    VPOS="1875"
                    WIDTH="5069"
                    HEIGHT="154"></String>
          </TextLine>

          
          
          <TextLine ID="region_1516715476752_8l17"
                    
                    BASELINE="1168 2062 1433 2062 1705 2042 1971 2040 2237 2036 2502 2032 2768 2027 3024 2024 3290 2018 3566 2008 3831 2002 4097 1996 4363 1990 4629 1985 4895 1980 5160 1977 5426 1974 5692 1974 5958 1974 6224 1976" 
                    HPOS="1165"
                    VPOS="1975"
                    WIDTH="5057"
                    HEIGHT="105">
            <Shape><Polygon POINTS="1165 2060 1613 2018 6218 1995 6222 1975 6218 1991 1165 2080"/></Shape>
	    <String CONTENT="des wir doch lieber vertragē sin woͤlten und haben also nach irem begeren und anruͤffen und ir verhoͤrung nach ûnser besten verstentnûsz, ✳ als ûns bedunckt recht sin, gesprochen zuͦ recht: des ersten, das unser gnedig"
                    HPOS="1165"
                    VPOS="1975"
                    WIDTH="5057"
                    HEIGHT="105"></String>
          </TextLine>

          
          
          <TextLine ID="region_1516715476752_8l18"
                    
                    BASELINE="1190 2105 1456 2105 1730 2090 1996 2086 2263 2082 2529 2078 2795 2072 3062 2066 3328 2060 3594 2052 3861 2046 4127 2040 4393 2034 4660 2030 4926 2026 5192 2022 5459 2022 5725 2022 5991 2022 6258 2026" 
                    HPOS="1181"
                    VPOS="1964"
                    WIDTH="5076"
                    HEIGHT="158">
            <Shape><Polygon POINTS="1188 2103 1181 2049 6249 1964 6257 2022 6253 2037 1188 2122"/></Shape>
	    <String CONTENT="froͧwen inen, dem lûttpriester, ✳ fruͤmesser und ouch der kirchen ze Brugg, umb und fûr soͤlich ir obgemeldet ansprach der gedachten dryzechenthalben rùtinā ✳ geben sond zwen mutt roggen uff yetz nechst sant Martis tag, ✳ so da kompt"
                    HPOS="1181"
                    VPOS="1964"
                    WIDTH="5076"
                    HEIGHT="158"></String>
          </TextLine>

          
          
          <TextLine ID="region_1516715476752_8l19"
                    
                    BASELINE="1176 2140 1444 2138 1712 2134 1981 2130 2249 2126 2518 2120 2786 2114 3054 2108 3323 2100 3591 2094 3860 2088 4128 2082 4397 2078 4665 2073 4933 2070 5202 2068 5470 2066 5739 2066 6007 2068 6276 2072" 
                    HPOS="1165"
                    VPOS="2010"
                    WIDTH="5107"
                    HEIGHT="378">
            <Shape><Polygon POINTS="1173 2137 1165 2091 5423 2010 5427 2010 6268 2022 6272 2068 6272 2369 1740 2388"/></Shape>
	    <String CONTENT="nach datum disz briefs, ✳ und dannethin jerlichen allweg uff sant Martis tag zwen mutt roggen, ✳ und die weren und geben einem schultheissen und raͧtte daselbs ze Brugg, ✳ die dann dz uszteilen und geben söllent einem lùt¬"
                    HPOS="1165"
                    VPOS="2010"
                    WIDTH="5107"
                    HEIGHT="378"></String>
          </TextLine>

          
          
          <TextLine ID="region_1516715476752_8l20"
                    
                    BASELINE="1204 2188 1472 2184 1740 2180 2008 2176 2276 2170 2544 2164 2812 2158 3080 2151 3348 2145 3616 2139 3884 2133 4152 2128 4420 2122 4688 2118 4956 2116 5224 2114 5492 2112 5760 2112 6028 2114 6296 2118" 
                    HPOS="1192"
                    VPOS="2060"
                    WIDTH="5103"
                    HEIGHT="143">
            <Shape><Polygon POINTS="1200 2184 1192 2134 2814 2110 2814 2107 2949 2087 2949 2087 2953 2087 2953 2087 3103 2103 3107 2103 3126 2103 4060 2072 4060 2072 6288 2060 6295 2114 6292 2137 5176 2134 1200 2203"/></Shape>
	    <String CONTENT="priester, ✳ fruͤmesser ✳ und der kirchen, als dann sy bedunckt zum glichosten ✳ und billichosten sin, ✳ doch daby das die selben priester dise ding, jartziten oder anders tuͤgent und volbringēt ✳ als dann das im jartzitbuͦch oder rodel ange¬"
                    HPOS="1192"
                    VPOS="2060"
                    WIDTH="5103"
                    HEIGHT="143"></String>
          </TextLine>

          
          
          <TextLine ID="region_1516715476752_8l21"
                    
                    BASELINE="1200 2242 1464 2236 1729 2228 1994 2222 2259 2214 2524 2208 2789 2202 3053 2196 3318 2190 3583 2184 3848 2180 4113 2174 4378 2170 4642 2166 4907 2162 5172 2160 5437 2158 5702 2156 5967 2156 6232 2156" 
                    HPOS="1188"
                    VPOS="2099"
                    WIDTH="5042"
                    HEIGHT="166">
            <Shape><Polygon POINTS="1196 2238 1188 2176 6222 2099 6230 2153 6226 2176 4396 2184 4334 2207 4331 2207 4331 2207 4331 2207 4327 2207 3995 2195 3891 2219 3887 2219 3887 2219 3887 2219 3883 2219 3860 2219 3323 2207 1196 2265"/></Shape>
	    <String CONTENT="sechen und geschriben ist, ✳ und sy darumb gott antwûrtt geben woͤllent und sprechen ouch fùro, das sy die selben ùnnser gnedig frowen die zwen mutt roggen nū hinfùr wenn sy wöllent uff sant Martis tag, achttag vor"
                    HPOS="1188"
                    VPOS="2099"
                    WIDTH="5042"
                    HEIGHT="166"></String>
          </TextLine>

          
          
          <TextLine ID="region_1516715476752_8l22"
                    
                    BASELINE="1188 2288 1453 2282 1719 2280 1985 2274 2251 2261 2517 2254 2783 2248 3049 2240 3315 2234 3581 2228 3846 2222 4112 2218 4378 2213 4644 2209 4910 2206 5176 2204 5442 2202 5708 2200 5974 2202 6240 2202" 
                    HPOS="1177"
                    VPOS="2141"
                    WIDTH="5061"
                    HEIGHT="166">
            <Shape><Polygon POINTS="1185 2284 1177 2230 6230 2141 6238 2199 6234 2226 4859 2226 1185 2307"/></Shape>
	    <String CONTENT="oder nach, mit dem zins wol abloͤszen mûgēt mit zwoͤlff guͦter, genemer Rinischer guldin und die einem schultheissen und raͧtt ze Brugg inanttwûrtten und geben, ✳ die dann dasselbe gold widerumb insoͤllichem schin"
                    HPOS="1177"
                    VPOS="2141"
                    WIDTH="5061"
                    HEIGHT="166"></String>
          </TextLine>

          
          
          <TextLine ID="region_1516715476752_8l23"
                    
                    BASELINE="1204 2336 1469 2328 1735 2320 2001 2313 2267 2304 2533 2298 2799 2290 3065 2282 3331 2276 3597 2269 3862 2262 4128 2258 4394 2254 4660 2250 4926 2246 5192 2244 5458 2244 5724 2244 5990 2246 6256 2248" 
                    HPOS="1192"
                    VPOS="2184"
                    WIDTH="5061"
                    HEIGHT="170">
            <Shape><Polygon POINTS="1200 2334 1192 2280 6245 2184 6253 2246 6249 2265 4497 2269 1200 2354"/></Shape>
	    <String CONTENT="anlegen sond, damit die jartziten nit verschinend, sonder begangen werdent, als dz angesechen ist ✳ und verschriben staͧt. und sprechent zum letsten, das die rûtinā, ✳ es sye, dz sy vˀschriben standent im jartzitbuͦch, roͤdel"
                    HPOS="1192"
                    VPOS="2184"
                    WIDTH="5061"
                    HEIGHT="170"></String>
          </TextLine>

          
          
          <TextLine ID="region_1516715476752_8l24"
                    
                    BASELINE="1178 2378 1445 2372 1712 2366 1979 2358 2247 2351 2514 2344 2781 2336 3048 2330 3316 2322 3583 2316 3850 2309 4117 2303 4385 2298 4652 2294 4919 2290 5186 2288 5454 2288 5721 2288 5988 2288 6256 2292" 
                    HPOS="1165"
                    VPOS="2230"
                    WIDTH="5088"
                    HEIGHT="166">
            <Shape><Polygon POINTS="1177 2377 1165 2323 2960 2269 2960 2269 6245 2230 6253 2288 6249 2311 4929 2311 1177 2396"/></Shape>
	    <String CONTENT="oder andern enden, gantz allenthalben abgethän werden ✳ und nū fùrohin ✳ die selben ✳ oder ander geschrifft ald kuntschafft ✳ ûnnsern gnaͤdigen froͧwen und irn nachkomen hieran deheinen schaden, ✳ noch inen ✳ oder yeman anderm von"
                    HPOS="1165"
                    VPOS="2230"
                    WIDTH="5088"
                    HEIGHT="166"></String>
          </TextLine>

          
          
          <TextLine ID="region_1516715476752_8l25"
                    
                    BASELINE="1185 2435 1448 2429 1717 2410 1981 2403 2244 2396 2508 2388 2772 2380 3035 2373 3299 2366 3563 2360 3826 2352 4090 2359 4354 2356 4617 2345 4881 2339 5145 2332 5408 2330 5672 2330 5936 2330 6200 2332" 
                    HPOS="1173"
                    VPOS="2273"
                    WIDTH="5026"
                    HEIGHT="173">
            <Shape><Polygon POINTS="1181 2431 1173 2373 4064 2296 4064 2296 6191 2273 6199 2330 6195 2342 4454 2357 4084 2388 4053 2388 4049 2388 4049 2388 4037 2388 3875 2373 3501 2400 3478 2400 3474 2400 3431 2400 2775 2396 1181 2446"/></Shape>
	    <String CONTENT="irt wegen dehein hilff, noch nutz beren, noch bringen soͤllent, yemer indehein wysz noch weg, ✳ und umb und fûr die zwen mutt roggen geltz ✳ soͤllent die selben ûnnser gnädig froͧwen die gedachten dryzechenthalb rûtinā mit holtz"
                    HPOS="1173"
                    VPOS="2273"
                    WIDTH="5026"
                    HEIGHT="173"></String>
          </TextLine>

          
          
          <TextLine ID="region_1516715476752_8l26"
                    
                    BASELINE="1194 2468 1458 2460 1723 2452 1987 2444 2252 2437 2516 2429 2781 2422 3045 2414 3310 2408 3574 2402 3839 2396 4103 2390 4368 2386 4632 2382 4897 2378 5161 2376 5426 2374 5690 2374 5954 2385 6219 2385" 
                    HPOS="1192"
                    VPOS="2384"
                    WIDTH="5026"
                    HEIGHT="97">
            <Shape><Polygon POINTS="1192 2466 1667 2423 6214 2400 6218 2384 6214 2384 4161 2408 4018 2427 3987 2431 3987 2431 3983 2431 3983 2431 3960 2431 3829 2415 3721 2435 3709 2435 3709 2435 3709 2435 3705 2435 3705 2435 3694 2435 3582 2419 3022 2446 3014 2446 3010 2446 3007 2446 2671 2435 2624 2454 2624 2454 2621 2454 2621 2454 2621 2454 2621 2454 1192 2481"/></Shape>
	    <String CONTENT="und veld zuͦ iren und irs gotzhus handen ziechen und niemen, ✳ ouch iro heissen sin und bliben, und haruff mûgent sy das holtz und ir ansprach die gemelten rûtinā und was zuͦ dem schlosz Hapspurg gehoͤrt nū fûrohin"
                    HPOS="1192"
                    VPOS="2384"
                    WIDTH="5026"
                    HEIGHT="97"></String>
          </TextLine>

          
          
          <TextLine ID="region_1516715476752_8l27"
                    
                    BASELINE="1186 2514 1451 2506 1716 2496 1982 2488 2247 2480 2512 2472 2778 2464 3043 2456 3308 2454 3574 2448 3839 2438 4105 2433 4370 2428 4635 2424 4901 2422 5166 2420 5431 2418 5697 2418 5962 2418 6228 2420" 
                    HPOS="1185"
                    VPOS="2419"
                    WIDTH="5041"
                    HEIGHT="112">
            <Shape><Polygon POINTS="1185 2512 1814 2469 6222 2442 6226 2419 6222 2435 3080 2469 2771 2500 2771 2500 2767 2500 2455 2485 1185 2531"/></Shape>
	    <String CONTENT="gerûwenclich innhaben, das nutzen, niessen, besetzen, entsetzen, verkouffen und damit wandeln, werben, tuͦn und laussen, als mit anderm irem eigenlichen innhabenden guͦt, ✳ ane iro und menglichs von irtwegen hindernusz, sperrē"
                    HPOS="1185"
                    VPOS="2419"
                    WIDTH="5041"
                    HEIGHT="112"></String>
          </TextLine>

          
          
          <TextLine ID="region_1516715476752_8l28"
                    
                    BASELINE="1168 2570 1435 2561 1705 2542 1972 2534 2240 2524 2507 2516 2775 2508 3043 2500 3310 2504 3578 2498 3845 2482 4113 2476 4380 2472 4648 2468 4916 2466 5183 2464 5451 2464 5718 2466 5986 2468 6254 2472" 
                    HPOS="1158"
                    VPOS="2396"
                    WIDTH="5095"
                    HEIGHT="178">
            <Shape><Polygon POINTS="1165 2566 1158 2493 6245 2396 6253 2469 6253 2477 4616 2485 1165 2574"/></Shape>
	    <String CONTENT="unnd intrag nach dem und sy dz erkoufft und den kouffbrieff darumb innhabent̄ ꝫcꝭ. ✳ unnd uff disen ûnnsern rechtlichen spruch ✳ habent die obgemelten hoffmeister und amptlûtt innamē ûnser gedachten, gnädigē frowē"
                    HPOS="1158"
                    VPOS="2396"
                    WIDTH="5095"
                    HEIGHT="178"></String>
          </TextLine>

          
          
          <TextLine ID="region_1516715476752_8l29"
                    
                    BASELINE="1172 2606 1436 2598 1701 2590 1966 2582 2230 2574 2495 2565 2760 2556 3025 2548 3289 2540 3554 2533 3819 2526 4084 2520 4348 2516 4613 2512 4878 2508 5143 2508 5407 2508 5672 2510 5937 2512 6202 2518" 
                    HPOS="1161"
                    VPOS="2450"
                    WIDTH="5038"
                    HEIGHT="170">
            <Shape><Polygon POINTS="1169 2604 1161 2469 5963 2450 6199 2516 6195 2535 4666 2535 4350 2558 4346 2558 4049 2547 3968 2570 3964 2570 3964 2570 3960 2570 3142 2562 2891 2589 2891 2589 2887 2589 2705 2574 2474 2597 2474 2597 1169 2620"/></Shape>
	    <String CONTENT="ze Kûngsvelden inen begert von ùnns disz ûnnsers rechtspruchs brieff und sigel, ✳ die wir ouch inen ✳ und wer des von ûns begert zegeben gesprochen haben ✳ under ûnnser, obgenanten dryer sprechnˀ, insigeln, harumb zem"
                    HPOS="1161"
                    VPOS="2450"
                    WIDTH="5038"
                    HEIGHT="170"></String>
          </TextLine>

          
          
          <TextLine ID="region_1516715476752_8l30"
                    
                    BASELINE="1190 2661 1453 2653 1716 2634 1980 2626 2243 2618 2507 2609 2770 2600 3034 2593 3297 2584 3561 2578 3824 2571 4088 2566 4351 2560 4615 2556 4878 2552 5142 2550 5405 2550 5669 2551 5932 2554 6196 2558" 
                    HPOS="1181"
                    VPOS="2493"
                    WIDTH="5014"
                    HEIGHT="216">
            <Shape><Polygon POINTS="1188 2658 1181 2597 4334 2508 4334 2508 6187 2493 6195 2554 6195 2682 1744 2709"/></Shape>
	    <String CONTENT="waren urkund aller und yeglicher vorgeschribner dingē, so haben wir, die selben obgemelten, gemein und schidlûtt alle dry, jeglicher insonders, sin insigel laussen thuͦn hengen an dysen brieff, ✳ doch ûns und allen un¬"
                    HPOS="1181"
                    VPOS="2493"
                    WIDTH="5014"
                    HEIGHT="216"></String>
          </TextLine>

          
          
          <TextLine ID="region_1516715476752_8l31"
                    
                    BASELINE="1194 2700 1457 2690 1734 2678 1998 2669 2261 2660 2524 2653 2788 2645 3051 2638 3314 2630 3578 2624 3841 2618 4105 2612 4368 2608 4631 2604 4895 2600 5158 2598 5421 2598 5685 2598 5948 2600 6212 2602" 
                    HPOS="1192"
                    VPOS="2601"
                    WIDTH="5022"
                    HEIGHT="1840">
            <Shape><Polygon POINTS="1192 2697 1791 2655 4948 2655 6207 2628 6210 2601 6214 3176 5072 3199 3373 4013 2497 4430 2497 4430 2493 4430 2493 4430 2493 4430 1910 4441"/></Shape>
	    <String CONTENT="sern erbn̄ inallweg unvergriffen und unschaden, der geben ist uff mittwûch nechst nach sannt Jacobs tag, des hailigen zwoͤlffbotten, nach Cristi ûnnsers lieben herren gepurt gezelt viertzehenhundert"
                    HPOS="1192"
                    VPOS="2601"
                    WIDTH="5022"
                    HEIGHT="1840"></String>
          </TextLine>

          
          
          <TextLine ID="region_1516715476752_8l32"
                    
                    BASELINE="1196 2746 1231 2743 1266 2740 1302 2739 1337 2738 1372 2736 1408 2736 1443 2734 1478 2734 1514 2732 1549 2732 1585 2731 1620 2730 1655 2728 1691 2727 1726 2725 1761 2722 1797 2721 1832 2717 1868 2714" 
                    HPOS="1185"
                    VPOS="2670"
                    WIDTH="679"
                    HEIGHT="174">
            <Shape><Polygon POINTS="1192 2743 1185 2689 1852 2670 1864 2712 1860 2809 1729 2763 1698 2790 1698 2790 1694 2790 1694 2790 1694 2790 1690 2790 1690 2790 1690 2790 1686 2790 1447 2770 1351 2836 1347 2836 1347 2836 1347 2836 1343 2836 1343 2836 1343 2836 1343 2836 1192 2844"/></Shape>
	    <String CONTENT="sybentzig unnd ein jaͧr ꝫcꝭ."
                    HPOS="1185"
                    VPOS="2670"
                    WIDTH="679"
                    HEIGHT="174"></String>
          </TextLine>

          
        </TextBlock>
        

        
      </PrintSpace>
    </Page>
  </Layout>
</alto>
