6824 4824
1841 490 2980 121 Ich, Heini Linggi von Schintznach, vogt ze Casteln, beken̄ offenlich mitt disem brief, das ich anstatt der edeln und vesten junckher Hēmans vō

1986 570 2831 89 Mùlinen und siner bruͦder, miner gneͣdigen hern, ze Schintznach, im dorff mitt offem, vˀbannē gericht uff nechst mentag nach santt Paulus be¬

1990 466 2835 233 kerūg tag, der jarzal Cristi vierzechenhundertsechzigundein jar, offenlich zegericht gesessen bin und sich alda ingericht nach recht vˀfùr¬

2002 671 2811 76 sprechet gestelt habent die ersamen Ludwig Moser von Zùrich einer, und der andern sit Niclaus Fricker, jetz ze Kùngsfeld₎ hofmeister, anstatt

1974 707 2847 97 und mitt gewalt der wirdigen, geistlichen frowen, frow Verenen Knonowertin, jetz priorin zuͦ Kùngsfelden Santt Claren ord₎ ꝫcꝭ. ✳ und offnet

1978 767 2831 85 der genempt Ludwig Moser durch sinē fùrsprechen: ein guͦt, wer gelegen zuͦ Schintznach, buwte jetz ✳ Cuͦntz Mùri daselbs ✳ und gult jerlichs

1986 808 2883 92 zins vierzechendhalb fiertel kernen, ein malter habˀn, ein pfund und dry schilling fùr swin und tagwan pfēnīg, ein vasnachthuͦn, zwey herpst¬

1986 864 2891 84 huͤnr und fùnfzig eyger und desselben guͦts geteilet, buwte jetz Cuͤni Leͣder daselbs umb den zinsz, so es gult, ✳ und dasselb guͤt, so Cuͦntz Mùri

1982 916 2847 80 buwte und der zinsz davon als vor stât, ✳ wer der genempten minˀ frow, der priorin, und sin, ✳ jetweders zum halbn̄ teil, ✳ und denselbē sinē

1994 964 2815 85 halben teil am guͦt und am zins mitt aller nutzūg, begriffung, rechtūg, harkomen und zuͦgehoͤrd, wie sin vordˀn und er das bishar in̄gehept, ✳

1978 1017 2835 80 harbracht und genossen hetten odˀ tuͤn moͤchten, nach dem in̄ soͤlichs von sinē vatter selig angeerbt wer, ✳ hett er nach guͦter, zitlicher vorbe¬

1978 1053 2875 96 trachtūg, gesund libs, vˀnunft und der sīnen ✳ sinen nutz damitt zefùrdern und schaden zewenden eins steten, vesten und ewigen koufs vˀkouft

1978 1105 2875 88 und zekouffen geben ir, der genempten frow Verenen Knonowertin priorin ꝫcꝭ, zuͦ handen ir und ir erbē, in̄haber disz briefs vom gericht als ✳

1978 1153 2851 97 hernach stat, darub̄ gebn̄ und gab ouch also ingericht recht und redlich zekouffent im, dem genēpten Niclaus Fricker, zuͦ irn handen umb

1962 1201 2855 97 drissig Rinsch guldin, der er von derselben miner frow der priorin in sinen kun̄tlichen nutz gantz bezalt wer, ✳ alles fùr sich und all sin erb̄en

1966 1246 2887 96 mitt im herzuͦ vestēklich verbunden und fùr recht, fry, ledig eigen und unbekùmbˀt. ✳ ✳ und uff die offnūg, so jetz stat, und die vˀgicht, dar¬

1970 1302 2863 96 uf vom hofmeister beschechn̄, ✳ stuͦnd er, der genempt Ludwig Moser, ingericht mitt sinem fùrsprechen, als vor, ✳ vollvˀtiget, volfuͦrt und

1982 1358 2863 85 bestaͤt, ouch damitt disen kouff umb den halben teil des obgen̄ guͦts und zinsz immasz, als vor stat, und bracht also den kouff und dē halbē

1974 1398 2899 89 teil des guͤts und zinsz, alles fùr sich und sin erben in und zuͦ handen des genempten hofmeisters an statt und zuͦ handen ir, der megenātē

1986 1455 2827 84 frow Verenen Knonowertin, priorin, und ir erb̄e, als vor stât. ✳ und satzt si ouch des in volkomen nutzlich, ruͤwig gewerd ✳ den kouff und

1974 1511 2815 80 den halbn̄ teil des guͦts und zinsz, darin̄ begriffen, als vor stàt, ✳ hinfùr ewklich in̄zehaben, zenutzen, zeniessen und inallweg damitt und

1966 1555 2847 81 deshalbē zetuͦnd und lassent als mitt irm eignē unbekùmbertē guͦt, nach irm nutz und willen, aͧn sin, ✳ siner erbn̄ un̄ mengklichs von ir

1958 1603 2887 77 wegen sumen, irren und insprechen. ✳ er, derselb verkoͤuffer, Ludwig Moser, gelopt ouch fùr sich und sin erben ir, der koͤufferin, miner frow,

1966 1648 2855 84 der priorin, vorgen̄t, und irn erben als vor disz koufs umb den vorgen̄ verkouften halbē teil des guͦts und zinsz, als vor staͧt, ✳ recht, red¬

1950 1704 2899 88 lich, sicher, volkomen, werschaft und alles, das sich darzuͦ und derhalb gebùrt, fùr recht, fry, ledig eigen und unbekùmbert, ✳ ouch fùr all

1946 1760 2903 85 und allermengklichs irrūg, ansprach, infell und all ander unkomlich sachen zetuͦnd und weren zesind, wo, wen̄, wie gen wem un̄ alz

1942 1809 2911 88 dick sich das hin fùr geburt und notdurftig wer oder wurd. ✳ ouch dawider, noch wider dehein vor noch nachgemeldet ding noch geding niemer

1958 1861 2831 84 zekoment, zeredent, zewerbent, zetuͦnd, schaffen, verhengen noch gehellen getàn werden ùbˀal in eynich wise, sunder disen kouff, vertgung

1954 1913 2879 84 und damitt das alles, als vor stat, war, stet und vest zehalten und gnuͦg zetuͦnd. ✳ und er, derselb Ludwig Moser, entzech sich ouch in diser

1974 1961 2887 93 sach und darùber und derhalb aller gewerd, besitzūg, innemūg, vordrūg, recht und ansprach daran und zuͦ ✳ zuͦ irn handen, ✳ ouch darzuͦ un̄

1946 2018 2883 84 damitt aller schirm, hilf fùr ✳ in ✳ uszùgen ✳ geistlicher und weltlicher rechten, gerichten, lùten, ✳ gesetzten, fryheitē, gnaden und mittnamē alles,

1954 2074 2879 92 des damitt er odˀ sin erben hiewider jemer getuͦn ✳ oder si dawider jemer zekoment, redent odˀ tuͦnd geschirmen, behelfen, fùrzichē, bruchē,

1950 2118 2867 93 geniessen, sin oder den koͤuffern geschaden moͤcht, ùbˀal ineynich wise. ✳ und beschach disz alles wie vorstat ingericht und mitt bekan̄tē

1954 2170 2887 89 urteiln nach des gerichts recht, an und durch min, des obgen̄ richters, hand uss und in ir hand mitt ufgebn̄ vˀzichen inantwurtē, gelobē,

1958 2223 2883 92 versprechen und namlich mitt aller sicherheit und gewarsami worten, wercken und alles des, so herzuͦ gehort und notdurftig was, un̄

1950 2275 2887 92 darin̄ und mitt das alles jetz und hinfùr allweg wol kraft, macht und handvest habn̄ und staͤt belibn̄ sol und mag, si ouch daran habēt

1958 2331 2863 89 sin àn alles bekrenckē und widertribn̄, alles nach recht, sitt und gewonheit des gerichts und twings zuͦ Schintznach, ✳ wer ouch sach,

1942 2371 2903 101 das er, Ludwig Moser, odˀ sin erb̄n, jetz odˀ hinfùr, jemer ✳ eynich brieff oder gewarsami umb soͤlich obgen̄t vˀkouft guͦt und zinsz ✳ wisent ✳ het¬

1950 2420 2911 96 tent oder hinfùr fundent, des er doch spricht unwissent sin, ✳ die soͤllent im und sinen erbn̄ hiewider unhilflich und minˀ frow der priorin un̄ irn

1946 2460 2911 112 erben unschedlich sin, sundˀ inen zuͦgehoͤren und herusz gevolgen, ✳ ouch jetz und hinfùr allweg bi disem kouff und vertgung, wie vor stat, bestàn und

1934 2524 2911 93 und bliben luter àn alle furwort, inzùg und geverd. diˀre dingen sind gezùgen und hiebi in gericht und des urteilsprecher gewesen die erbˀn

1922 2568 2883 93 Clewi Merck, Toman Leͣder, Ruͤdi Schnider, Hensli Lendi, Hensli Smid, Cuͤntz Mùri, Bertschi Suter, Cuͤni Leͣder und ander, all von Schintznach. ✳

1926 2608 2911 117 und des alles zuͦ warem, vestem und ewigē urkùnd hat der obgen̄t junckher Hēman von Mùlinen, min gneͣdig herˀ, sin insigel fùr sich un̄ sin

1930 2673 2895 88 bruͦder von des gerichts ir und minˀ bett wegen, inen suss aͧn schaden, offenlich gehenckt an disen brief, der minˀ frow der priorin, dickgen̄t,

1930 2721 2851 133 nach des hofmeisters begeren an ir statt ✳ vom gericht also zegebent erteilt und dis alles beschechen ist des tags und jars als vor stat. ✳
