7360 4912
1641 957 815 234 Königsf. 761

5755 1232 164 2009 wir der schultheis und rautt ze Brugg bekennen offenlich mit dysem brieff und

5685 1256 103 1961 disz un̄sern schribern hantgeschrifft das ùns ✳ ùnser gnädig froͧwen von Kûngsvelden

5644 1264 86 1941 gericht und gewert haben ✳ die zwoͤff guldin nach lut und sag des spruchs in begriffen und

5571 1252 213 1965 ouch mit ergangnē zinsz₎ ✳ und haruff so haben wir siny im jartzitbuͦch abgethon und

5546 1260 98 1940 wo wir sy vonden haben ✳ und ob sy hinfurˀ yendert harvō geschribn̄ stuͤndent und vonden

5464 1248 131 1957 wurdent sol minen frowen àn schaden sin ✳ und abgetòn werden ✳ und ist disz lousung bescheͣen

5444 1256 106 1380 uff sant Barbara der heiligen junckfroͧwen tag anno ꝫc̄ lxxjo ✳

1694 1829 369 127 Staatsarchiv

1735 1923 283 242 AARGAU

2775 2243 896 253 Hapspùrg ✳ beruͤrend die xiiɉ

3311 2382 446 233 rùtinen dàselbs

3086 2492 696 225 ✳

6156 2771 307 163 K

6107 2730 364 352 ✳ B ✳ 31 ✳
