<?xml version="1.0" encoding="UTF-8"?>
<alto xmlns:xsi="http://www.w3.org/2001/XMLSchema-instance"
      xmlns="http://www.loc.gov/standards/alto/ns-v4#"
      xsi:schemaLocation="http://www.loc.gov/standards/alto/ns-v4# http://www.loc.gov/standards/alto/v4/alto-4-2.xsd">
  <Description>
    <MeasurementUnit>pixel</MeasurementUnit>
    <sourceImageInformation>
      <fileName>U-17_0668_01_r.jpg</fileName>
      
    </sourceImageInformation>
  </Description>
  
  <Layout>
    <Page WIDTH="7360"
          HEIGHT="4912"
          PHYSICAL_IMG_NR="30"
          ID="eSc_dummypage_">
      <PrintSpace HPOS="0"
                  VPOS="0"
                  WIDTH="7360"
                  HEIGHT="4912">
        
        <TextBlock HPOS="1548"
                   VPOS="395"
                   WIDTH="3878"
                   HEIGHT="2253"
                   ID="region_1515618586071_5"
                   TAGREFS="BT">
          <Shape><Polygon POINTS="1548 395 5426 395 5426 2648 1548 2648"/></Shape>
          
          
          <TextLine ID="region_1515618586071_5l1"
                    
                    BASELINE="1592 526 1780 526 1969 526 2157 526 2346 526 2534 526 2723 526 2911 526 3100 526 3288 528 3477 528 3665 528 3854 530 4042 532 4231 534 4419 537 4608 540 4796 545 4985 550 5174 556" 
                    HPOS="1580"
                    VPOS="417"
                    WIDTH="3590"
                    HEIGHT="156">
            <Shape><Polygon POINTS="1588 523 1584 442 2357 417 2361 417 2361 417 2542 446 2627 421 2632 421 2632 421 2636 421 2873 421 2873 421 3156 454 3180 454 3201 454 3389 425 3389 425 3393 425 3393 425 3397 425 3512 454 3512 454 3512 454 3712 437 3712 437 3716 437 3716 437 3851 458 3860 458 3864 458 3913 437 3913 437 3917 437 3917 437 3917 437 3921 437 3921 437 4040 458 4179 433 4179 433 4179 433 4183 433 4183 433 4384 462 4396 466 4936 466 4940 466 5067 437 5067 437 5067 437 5071 437 5071 437 5071 437 5075 437 5170 470 5170 552 5161 573 1580 540"/></Shape>
	    <String CONTENT="Ich, Casper Etterly, weibel ze Brugg, beken̄ offenlich mitt disem brieff, das ich uff samstag nach santt̄ Othmarus tag, nach Cristi gebùrt"
                    HPOS="1580"
                    VPOS="417"
                    WIDTH="3590"
                    HEIGHT="156"></String>
          </TextLine>

          
          
          <TextLine ID="region_1515618586071_5l2"
                    
                    BASELINE="1696 582 1882 582 2069 582 2256 584 2443 582 2630 582 2817 582 3003 582 3190 582 3377 584 3564 584 3751 584 3938 586 4124 588 4311 590 4498 594 4685 598 4872 603 5059 608 5246 616" 
                    HPOS="1690"
                    VPOS="380"
                    WIDTH="3553"
                    HEIGHT="250">
            <Shape><Polygon POINTS="1694 581 1711 380 4797 380 4797 380 5239 405 5243 614 5235 630 1690 601"/></Shape>
	    <String CONTENT="vierzechenhundertfùnfftzig un̄ drù jar, ze Brugg in dˀ statt an offner, fryer strasz mitt offē, vˀbannē gericht offenlich zegericht gesessn̄ bin inna¬"
                    HPOS="1690"
                    VPOS="380"
                    WIDTH="3553"
                    HEIGHT="250"></String>
          </TextLine>

          
          
          <TextLine ID="region_1515618586071_5l3"
                    
                    BASELINE="1704 636 1893 636 2082 636 2271 636 2460 636 2649 638 2838 638 3028 638 3217 639 3412 647 3601 649 3784 643 3973 644 4163 648 4352 650 4541 654 4730 657 4919 661 5114 667 5304 673" 
                    HPOS="1698"
                    VPOS="380"
                    WIDTH="3603"
                    HEIGHT="295">
            <Shape><Polygon POINTS="1702 634 2144 380 5301 388 5301 671 5292 675 1698 654"/></Shape>
	    <String CONTENT="mē un̄ anstatt des ersamē, wisen Uͦlrich Grùlichs, schulth̄s ze Brugg, mins liebn̄ hˀn, un̄ kamēt daselbs fùr mich un̄ offen gericht die erbˀr fröw Bely"
                    HPOS="1698"
                    VPOS="380"
                    WIDTH="3603"
                    HEIGHT="295"></String>
          </TextLine>

          
          
          <TextLine ID="region_1515618586071_5l4"
                    
                    BASELINE="1692 692 1882 692 2072 692 2262 692 2452 692 2643 692 2833 692 3023 694 3213 694 3403 694 3594 696 3784 698 3974 700 4164 702 4354 704 4545 708 4735 712 4925 716 5115 722 5306 728" 
                    HPOS="1686"
                    VPOS="614"
                    WIDTH="3619"
                    HEIGHT="122">
            <Shape><Polygon POINTS="1690 691 1690 614 5301 642 5305 724 5296 736 1686 716"/></Shape>
	    <String CONTENT="Hoppfin un̄ mitt ir der erbˀr Uͦlmā Wenigˀ, ir rechter gegebnˀ vogt, burgˀ ze Brugg, einˀ sitt, un̄ andˀ sitt Margreta, Adelheit un̄ Elsa, dˀ obgn̄t₎ Hoppfin kind,"
                    HPOS="1686"
                    VPOS="614"
                    WIDTH="3619"
                    HEIGHT="122"></String>
          </TextLine>

          
          
          <TextLine ID="region_1515618586071_5l5"
                    
                    BASELINE="1688 750 1876 750 2065 748 2254 748 2443 748 2632 748 2821 748 3019 758 3208 758 3388 748 3577 750 3766 752 3955 754 4144 756 4333 759 4522 763 4711 767 4900 772 5089 778 5278 784" 
                    HPOS="1686"
                    VPOS="683"
                    WIDTH="3590"
                    HEIGHT="119">
            <Shape><Polygon POINTS="1686 749 1686 683 5272 716 5276 781 5268 802 3962 773 1686 773"/></Shape>
	    <String CONTENT="mitt dem vestē junckhˀr Tùring Efingˀ, irm gegebnē vogt, dˀ inē ingericht mitt urteil un̄ rˀcht als um̄ disz nachgeschribn̄ sach zuͦgebn̄ un̄ gestelt ward,"
                    HPOS="1686"
                    VPOS="683"
                    WIDTH="3590"
                    HEIGHT="119"></String>
          </TextLine>

          
          
          <TextLine ID="region_1515618586071_5l6"
                    
                    BASELINE="1692 804 1881 804 2071 804 2261 802 2451 802 2640 802 2830 802 3020 804 3210 804 3400 804 3589 806 3779 808 3969 810 4159 812 4349 816 4538 819 4728 822 4918 828 5108 832 5298 838" 
                    HPOS="1686"
                    VPOS="728"
                    WIDTH="3610"
                    HEIGHT="123">
            <Shape><Polygon POINTS="1690 802 1686 744 2574 728 2578 728 2578 728 2582 728 2652 749 2656 749 2673 749 2934 732 2939 732 5292 769 5296 835 5288 851 1686 826"/></Shape>
	    <String CONTENT="vˀfùrsprechet, als rˀcht ist. un̄ offnet die obgñt Bely Hoppfin mitt irm vogt durch den genēpten irn fùrsprechn̄, wie si nach guͦtˀ, zittlichˀ vorbetrachtūg"
                    HPOS="1686"
                    VPOS="728"
                    WIDTH="3610"
                    HEIGHT="123"></String>
          </TextLine>

          
          
          <TextLine ID="region_1515618586071_5l7"
                    
                    BASELINE="1694 860 1882 860 2071 860 2259 860 2448 860 2637 860 2825 860 3014 862 3203 862 3391 864 3580 864 3768 866 3957 868 4146 870 4334 872 4523 876 4712 880 4880 898 5069 902 5278 892" 
                    HPOS="1686"
                    VPOS="794"
                    WIDTH="3590"
                    HEIGHT="106">
            <Shape><Polygon POINTS="1690 859 1690 794 5268 818 5276 888 5268 900 1686 884"/></Shape>
	    <String CONTENT="gesund lips un̄ gantz vˀnunfft un̄ dˀ sinnē in den willen komē un̄ darinē were, das si den obgn̄t₎ Margreta, Adelheit un̄ Elsen, irn kindn̄, einˀ uffrechten, red¬"
                    HPOS="1686"
                    VPOS="794"
                    WIDTH="3590"
                    HEIGHT="106"></String>
          </TextLine>

          
          
          <TextLine ID="region_1515618586071_5l8"
                    
                    BASELINE="1675 927 1864 927 2059 918 2249 918 2438 918 2628 918 2818 918 3007 918 3197 920 3387 920 3576 922 3766 922 3956 924 4145 928 4335 930 4525 933 4714 936 4904 941 5094 946 5284 950" 
                    HPOS="1670"
                    VPOS="843"
                    WIDTH="3610"
                    HEIGHT="123">
            <Shape><Polygon POINTS="1674 925 1674 843 5276 875 5280 949 5272 966 1670 945"/></Shape>
	    <String CONTENT="lichn̄, frigen gab ordnen, machn̄ un̄ vˀschaffen woͤlt alles ir guͦts, ligends, varends, gends, stends, es si eign̄, lechn̄, pfennig un̄ des wert, wo dz gelegn̄,"
                    HPOS="1670"
                    VPOS="843"
                    WIDTH="3610"
                    HEIGHT="123"></String>
          </TextLine>

          
          
          <TextLine ID="region_1515618586071_5l9"
                    
                    BASELINE="1698 974 1884 976 2071 976 2257 976 2444 978 2630 978 2817 978 3003 978 3190 980 3376 980 3563 980 3749 982 3936 984 4122 986 4309 988 4495 992 4682 996 4868 1000 5055 1006 5242 1012" 
                    HPOS="1690"
                    VPOS="904"
                    WIDTH="3549"
                    HEIGHT="131">
            <Shape><Polygon POINTS="1694 970 1694 904 5235 945 5239 1011 5231 1035 1690 986"/></Shape>
	    <String CONTENT="wie es geheissen, geschaffen ist odˀ namē hätt, gantz nùtz hindan gesetzt, usgenomē noch vorbehept ꝫcꝭ, un̄ si also damitt zuͦ rˀchtē erbgnossen"
                    HPOS="1690"
                    VPOS="904"
                    WIDTH="3549"
                    HEIGHT="131"></String>
          </TextLine>

          
          
          <TextLine ID="region_1515618586071_5l10"
                    
                    BASELINE="1682 1036 1869 1038 2056 1038 2244 1038 2431 1038 2618 1038 2806 1038 2993 1038 3180 1038 3368 1040 3555 1040 3743 1041 3930 1042 4117 1046 4305 1048 4492 1052 4679 1056 4867 1062 5054 1068 5242 1076" 
                    HPOS="1674"
                    VPOS="961"
                    WIDTH="3565"
                    HEIGHT="115">
            <Shape><Polygon POINTS="1678 1035 1678 961 5235 1002 5239 1072 5231 1076 1674 1047"/></Shape>
	    <String CONTENT="habn̄ und nemē, ordnet, macht, vˀschaft un̄ tett disz alles also vor mir un̄ dem gericht ✳ also un̄ mitt soͤlichn̄ wortē un̄ gedingn̄, wen̄ si, die selb"
                    HPOS="1674"
                    VPOS="961"
                    WIDTH="3565"
                    HEIGHT="115"></String>
          </TextLine>

          
          
          <TextLine ID="region_1515618586071_5l11"
                    
                    BASELINE="1696 1098 1884 1098 2073 1098 2262 1098 2451 1098 2640 1098 2829 1098 3018 1098 3207 1098 3396 1100 3585 1100 3774 1102 3963 1104 4152 1106 4341 1108 4530 1112 4719 1116 4908 1121 5097 1126 5286 1132" 
                    HPOS="1690"
                    VPOS="1023"
                    WIDTH="3594"
                    HEIGHT="119">
            <Shape><Polygon POINTS="1694 1097 1694 1023 5280 1043 5284 1129 5276 1142 1690 1113"/></Shape>
	    <String CONTENT="Bely Hoppfin, vō tods wegn̄ abgangen un̄ nitt mer in lebn̄ sie, ✳ alldan̄ soͤllēt die selbn̄ Margreta, Adelheit un̄ Elsa oder welichs den̄ den val also"
                    HPOS="1690"
                    VPOS="1023"
                    WIDTH="3594"
                    HEIGHT="119"></String>
          </TextLine>

          
          
          <TextLine ID="line_1538559671426_2"
                    
                    BASELINE="1680 1158 1870 1156 2061 1156 2252 1156 2443 1156 2634 1156 2825 1156 3015 1158 3206 1158 3397 1160 3588 1160 3779 1162 3970 1164 4160 1166 4351 1168 4542 1170 4669 1171" 
                    HPOS="1674"
                    VPOS="1097"
                    WIDTH="2992"
                    HEIGHT="94">
            <Shape><Polygon POINTS="1678 1154 1678 1097 4637 1109 4666 1170 4658 1191 1674 1182"/></Shape>
	    <String CONTENT="gelept alles ir guͦt, ligends un̄ varends, wo das gelegn̄, wie es geheissen odˀ geschaffen ist, das mindˀ und das mer, gantz"
                    HPOS="1674"
                    VPOS="1097"
                    WIDTH="2992"
                    HEIGHT="94"></String>
          </TextLine>

          
          
          <TextLine ID="line_1538559677267_3"
                    
                    BASELINE="4614 1150 4733 1145" 
                    HPOS="4605"
                    VPOS="1097"
                    WIDTH="127"
                    HEIGHT="61">
            <Shape><Polygon POINTS="4613 1146 4605 1105 4719 1097 4732 1142 4723 1158 4609 1154"/></Shape>
	    <String CONTENT="nùtz"
                    HPOS="4605"
                    VPOS="1097"
                    WIDTH="127"
                    HEIGHT="61"></String>
          </TextLine>

          
          
          <TextLine ID="line_1538559671425_1"
                    
                    BASELINE="4669 1171 4733 1173 4924 1176 5115 1180 5306 1182" 
                    HPOS="4658"
                    VPOS="1113"
                    WIDTH="647"
                    HEIGHT="86">
            <Shape><Polygon POINTS="4666 1170 4662 1117 5296 1113 5305 1178 5296 1199 4658 1191"/></Shape>
	    <String CONTENT="usgenomē noch voˀgehept,"
                    HPOS="4658"
                    VPOS="1113"
                    WIDTH="647"
                    HEIGHT="86"></String>
          </TextLine>

          
          
          <TextLine ID="region_1515618586071_5l13"
                    
                    BASELINE="1688 1216 1877 1214 2066 1214 2255 1214 2444 1214 2633 1214 2822 1214 3012 1214 3201 1216 3390 1216 3579 1218 3768 1220 3957 1222 4147 1224 4336 1226 4525 1228 4714 1230 4903 1232 5092 1236 5282 1238" 
                    HPOS="1682"
                    VPOS="1154"
                    WIDTH="3598"
                    HEIGHT="98">
            <Shape><Polygon POINTS="1686 1215 1682 1154 5276 1170 5280 1236 5272 1252 1682 1236"/></Shape>
	    <String CONTENT="erbn̄ un̄ zuͦ glichm̄ erb un̄ teil stan ꝫcꝭ. ✳ gieng aber der obgn̄t₎ kinden, es sie vor odˀ nach dem vall, ✳ ee ✳ si ze irn tagen komēt un̄ beratē weˀn, eines"
                    HPOS="1682"
                    VPOS="1154"
                    WIDTH="3598"
                    HEIGHT="98"></String>
          </TextLine>

          
          
          <TextLine ID="region_1515618586071_5l14"
                    
                    BASELINE="1686 1278 1878 1276 2070 1274 2262 1273 2454 1272 2647 1272 2839 1272 3031 1274 3223 1274 3415 1276 3608 1276 3800 1278 3992 1280 4184 1282 4376 1284 4569 1286 4761 1288 4953 1290 5145 1292 5338 1294" 
                    HPOS="1678"
                    VPOS="1211"
                    WIDTH="3659"
                    HEIGHT="102">
            <Shape><Polygon POINTS="1682 1277 1678 1211 5337 1215 5337 1293 5329 1313 1678 1293"/></Shape>
	    <String CONTENT="odˀ zwey vor dem andˀn odˀ den andˀn vō tods wegn̄ ab, so soͤllēt das ✳ das andˀ odˀ die andˀn nach unser statt Brugg rˀcht, sitt un̄ gewonheit erbē un̄"
                    HPOS="1678"
                    VPOS="1211"
                    WIDTH="3659"
                    HEIGHT="102"></String>
          </TextLine>

          
          
          <TextLine ID="region_1515618586071_5l15"
                    
                    BASELINE="1664 1338 1857 1336 2051 1334 2244 1334 2438 1334 2631 1332 2825 1334 3019 1334 3212 1334 3406 1336 3599 1336 3793 1338 3986 1340 4180 1342 4374 1344 4567 1346 4761 1348 4954 1350 5148 1352 5342 1354" 
                    HPOS="1657"
                    VPOS="1260"
                    WIDTH="3684"
                    HEIGHT="111">
            <Shape><Polygon POINTS="1661 1334 1661 1260 5341 1289 5341 1350 5333 1371 1657 1358"/></Shape>
	    <String CONTENT="die selbn̄ gerechtikeit habn̄ un̄ im odˀ inē gevolgn̄, als vor vō inē dryen gelùtret ist. weˀ aber sach, das si alle drù an elich lip erbn̄ abgiengē,"
                    HPOS="1657"
                    VPOS="1260"
                    WIDTH="3684"
                    HEIGHT="111"></String>
          </TextLine>

          
          
          <TextLine ID="region_1515618586071_5l16"
                    
                    BASELINE="1672 1398 1863 1396 2055 1394 2247 1394 2438 1392 2630 1392 2822 1392 3013 1392 3205 1392 3397 1394 3588 1394 3780 1396 3972 1398 4163 1400 4355 1404 4547 1406 4738 1410 4930 1414 5122 1418 5314 1422" 
                    HPOS="1666"
                    VPOS="1326"
                    WIDTH="3647"
                    HEIGHT="98">
            <Shape><Polygon POINTS="1670 1395 1670 1326 5309 1350 5313 1420 5305 1424 1666 1416"/></Shape>
	    <String CONTENT="aldan̄ sol soͤlich ir guͦt gar un̄ gantz un̄ vor aller mengklichm̄ än alles mittel un̄ insprechn̄ widˀ umb an Bely Hoppfin nechsten erbn̄ komē und ge¬"
                    HPOS="1666"
                    VPOS="1326"
                    WIDTH="3647"
                    HEIGHT="98"></String>
          </TextLine>

          
          
          <TextLine ID="region_1515618586071_5l17"
                    
                    BASELINE="1676 1456 1866 1454 2057 1454 2248 1454 2439 1452 2630 1452 2821 1452 3011 1450 3202 1452 3393 1452 3584 1452 3775 1454 3966 1454 4156 1458 4347 1460 4538 1463 4729 1467 4920 1472 5111 1478 5302 1484" 
                    HPOS="1674"
                    VPOS="1383"
                    WIDTH="3627"
                    HEIGHT="123">
            <Shape><Polygon POINTS="1674 1453 1674 1383 5296 1412 5301 1481 5296 1485 4834 1506 4830 1506 4388 1485 4187 1477 1674 1477"/></Shape>
	    <String CONTENT="vallen ꝫcꝭ. itē die obgn̄t₎ Bely Hoppfin hatt abˀ ir selbs herin̄e gar eigenlich ussbedingt un̄ mitt sundˀn fùrworten vorbehept, das si soͤlich obgeñt"
                    HPOS="1674"
                    VPOS="1383"
                    WIDTH="3627"
                    HEIGHT="123"></String>
          </TextLine>

          
          
          <TextLine ID="region_1515618586071_5l18"
                    
                    BASELINE="1670 1516 1862 1516 2055 1516 2247 1514 2440 1514 2632 1514 2825 1512 3017 1512 3210 1512 3402 1512 3595 1512 3787 1514 3980 1514 4172 1516 4365 1518 4557 1520 4750 1523 4942 1526 5135 1530 5328 1536" 
                    HPOS="1661"
                    VPOS="1449"
                    WIDTH="3664"
                    HEIGHT="102">
            <Shape><Polygon POINTS="1666 1514 1666 1449 5321 1461 5325 1535 5317 1551 1661 1535"/></Shape>
	    <String CONTENT="ordnūg un̄ gemecht wol mag mitt einē Rinschen guldin widˀ ruͤffen un̄ widˀ sprechn̄ un̄ das endˀn, mindˀn, merē, einē gebn̄, dem andˀn nemē,"
                    HPOS="1661"
                    VPOS="1449"
                    WIDTH="3664"
                    HEIGHT="102"></String>
          </TextLine>

          
          
          <TextLine ID="region_1515618586071_5l19"
                    
                    BASELINE="1654 1582 1846 1578 2039 1576 2232 1574 2425 1574 2618 1572 2811 1572 3004 1572 3197 1572 3390 1572 3583 1572 3776 1574 3969 1574 4162 1576 4355 1578 4548 1580 4741 1582 4934 1584 5127 1586 5320 1588" 
                    HPOS="1649"
                    VPOS="1514"
                    WIDTH="3668"
                    HEIGHT="94">
            <Shape><Polygon POINTS="1653 1580 1649 1514 5313 1518 5317 1584 5309 1608 1649 1604"/></Shape>
	    <String CONTENT="odˀ gantz hin un̄ ab tuͦn, heimlich un̄ offenlich. si mag ouch durch gott, ere, frùntschafft un̄ liebi gebn̄ un̄ vˀschaffen, wem̄ si wil vil odˀ wenig, by ge¬"
                    HPOS="1649"
                    VPOS="1514"
                    WIDTH="3668"
                    HEIGHT="94"></String>
          </TextLine>

          
          
          <TextLine ID="region_1515618586071_5l20"
                    
                    BASELINE="1698 1646 1887 1644 2076 1642 2266 1640 2455 1638 2644 1638 2834 1636 3023 1636 3212 1636 3402 1636 3591 1636 3781 1636 3970 1637 4159 1638 4349 1639 4538 1640 4727 1642 4917 1644 5106 1646 5296 1648" 
                    HPOS="1690"
                    VPOS="1571"
                    WIDTH="3602"
                    HEIGHT="103">
            <Shape><Polygon POINTS="1694 1645 1690 1571 5292 1584 5292 1645 5288 1674 1694 1674"/></Shape>
	    <String CONTENT="sundē odˀ siechem lip, ingericht odˀ ane, wo odˀ wie ir das aller fuͦgklichest ist nū un̄ hienach, als ob des nie gedacht wêr. ✳ sundˀlich un̄ nālich"
                    HPOS="1690"
                    VPOS="1571"
                    WIDTH="3602"
                    HEIGHT="103"></String>
          </TextLine>

          
          
          <TextLine ID="region_1515618586071_5l21"
                    
                    BASELINE="1698 1714 1889 1708 2081 1704 2273 1700 2464 1698 2656 1696 2848 1694 3039 1694 3231 1692 3423 1694 3614 1694 3806 1694 3998 1696 4189 1696 4381 1698 4573 1699 4764 1700 4956 1700 5148 1702 5340 1702" 
                    HPOS="1686"
                    VPOS="1620"
                    WIDTH="3651"
                    HEIGHT="115">
            <Shape><Polygon POINTS="1694 1711 1686 1649 5329 1620 5337 1698 5333 1723 1694 1735"/></Shape>
	    <String CONTENT="hätt si ir selbs vorbehept all ir rechtūg an ligendē un̄ varenden guͤtˀn irn leptag un̄ zuͦ end ir wil nach der statt Brugg rˀcht un̄ gewōheit."
                    HPOS="1686"
                    VPOS="1620"
                    WIDTH="3651"
                    HEIGHT="115"></String>
          </TextLine>

          
          
          <TextLine ID="region_1515618586071_5l22"
                    
                    BASELINE="1686 1768 1874 1764 2063 1760 2252 1756 2441 1752 2630 1750 2819 1748 3008 1748 3197 1746 3386 1746 3575 1746 3764 1746 3953 1746 4142 1746 4331 1746 4520 1748 4709 1748 4898 1748 5087 1750 5276 1750" 
                    HPOS="1674"
                    VPOS="1686"
                    WIDTH="3598"
                    HEIGHT="106">
            <Shape><Polygon POINTS="1682 1764 1674 1706 5264 1686 5272 1747 5268 1756 4236 1780 4232 1780 3860 1772 3479 1764 3287 1776 3188 1784 3184 1784 3016 1780 2570 1768 2374 1788 2345 1788 2345 1788 2341 1788 2308 1788 2038 1772 1682 1792"/></Shape>
	    <String CONTENT="un̄ also nach soͤlicher offnūg un̄ vˀgicht un̄ dem, so vor statt, stuͦnd dar die obgñt Bely Hoppfin mitt irm vogt in offen, vˀbannē gericht,"
                    HPOS="1674"
                    VPOS="1686"
                    WIDTH="3598"
                    HEIGHT="106"></String>
          </TextLine>

          
          
          <TextLine ID="region_1515618586071_5l23"
                    
                    BASELINE="1674 1828 1865 1822 2056 1818 2247 1814 2438 1810 2629 1808 2820 1806 3011 1804 3202 1804 3393 1802 3584 1802 3775 1802 3966 1802 4157 1804 4348 1804 4539 1804 4730 1804 4921 1804 5112 1804 5304 1804" 
                    HPOS="1661"
                    VPOS="1735"
                    WIDTH="3640"
                    HEIGHT="115">
            <Shape><Polygon POINTS="1670 1825 1661 1768 2869 1735 2873 1735 5296 1739 5301 1801 5296 1821 1670 1850"/></Shape>
	    <String CONTENT="vollvˀtiget, vollfuͦrt un̄ bestett disz vorgeschriben ordnūg, gab un̄ gemecht in den worten und gedingn̄, so vor stand, un̄ gab un̄ bracht die also"
                    HPOS="1661"
                    VPOS="1735"
                    WIDTH="3640"
                    HEIGHT="115"></String>
          </TextLine>

          
          
          <TextLine ID="region_1515618586071_5l24"
                    
                    BASELINE="1698 1892 1889 1886 2080 1882 2272 1877 2463 1874 2655 1872 2846 1870 3038 1868 3229 1868 3421 1866 3612 1866 3804 1866 3995 1866 4187 1866 4378 1864 4570 1864 4761 1862 4953 1860 5144 1858 5336 1856" 
                    HPOS="1686"
                    VPOS="1780"
                    WIDTH="3647"
                    HEIGHT="139">
            <Shape><Polygon POINTS="1694 1891 1686 1833 1928 1809 1928 1809 1932 1809 1932 1809 2054 1825 2054 1825 2058 1825 2083 1805 2083 1805 2087 1805 2087 1805 2091 1805 2091 1805 2091 1805 2095 1805 2320 1821 2333 1821 5325 1780 5333 1854 5329 1866 1694 1919"/></Shape>
	    <String CONTENT="mitt min, des obgñten richters, hand in zuͦ handen der obgenantē Margareten, Adelheitē und Elsen Hoppfin un̄ des obgn̄t₎ Tùring Efingers,"
                    HPOS="1686"
                    VPOS="1780"
                    WIDTH="3647"
                    HEIGHT="139"></String>
          </TextLine>

          
          
          <TextLine ID="region_1515618586071_5l25"
                    
                    BASELINE="1688 1954 1882 1948 2076 1944 2270 1940 2464 1936 2658 1934 2852 1932 3046 1930 3240 1930 3434 1928 3629 1928 3823 1928 4017 1926 4211 1926 4405 1924 4599 1922 4793 1920 4987 1918 5181 1916 5376 1912" 
                    HPOS="1678"
                    VPOS="1833"
                    WIDTH="3696"
                    HEIGHT="144">
            <Shape><Polygon POINTS="1686 1952 1678 1891 5362 1833 5374 1911 5374 1923 1686 1977"/></Shape>
	    <String CONTENT="ir gegebnen vogts, sich des zefrown̄t, zebruchent un̄ nach vor gemercktˀ wise zenutzēt un̄ niessent. die selb Bely Hoppfin gelopt un̄ vˀsprach"
                    HPOS="1678"
                    VPOS="1833"
                    WIDTH="3696"
                    HEIGHT="144"></String>
          </TextLine>

          
          
          <TextLine ID="region_1515618586071_5l26"
                    
                    BASELINE="1668 2016 1861 2010 2055 2006 2249 2002 2443 2000 2637 1996 2831 1994 3025 1992 3219 1990 3413 1988 3606 1986 3800 1986 3994 1984 4188 1984 4382 1982 4576 1982 4770 1982 4964 1980 5158 1980 5352 1980" 
                    HPOS="1657"
                    VPOS="1915"
                    WIDTH="3693"
                    HEIGHT="123">
            <Shape><Polygon POINTS="1666 2013 1657 1940 5341 1915 5350 1977 5341 2005 4596 1993 4539 2013 4539 2013 4539 2013 4535 2013 4535 2013 4531 2013 4498 2013 3741 2001 1666 2038"/></Shape>
	    <String CONTENT="ouch vor mir un̄ dem gericht, disz gab, ordnūg un̄ gemechts in den wortē un̄ gedingen, so vor stand, rˀcht wer ze sind un̄ hierub̄ guͦt, sichˀ wˀschafft"
                    HPOS="1657"
                    VPOS="1915"
                    WIDTH="3693"
                    HEIGHT="123"></String>
          </TextLine>

          
          
          <TextLine ID="region_1515618586071_5l27"
                    
                    BASELINE="1690 2076 1880 2072 2071 2070 2262 2066 2453 2062 2644 2060 2835 2056 3025 2054 3216 2052 3407 2050 3598 2048 3789 2046 3980 2045 4170 2044 4361 2042 4552 2042 4743 2040 4934 2040 5125 2040 5316 2040" 
                    HPOS="1678"
                    VPOS="1972"
                    WIDTH="3635"
                    HEIGHT="131">
            <Shape><Polygon POINTS="1686 2075 1678 2018 1887 1993 1891 1993 2767 2001 2885 1981 2885 1981 2885 1981 2889 1981 3127 1997 3692 1972 3696 1972 5309 1977 5313 2038 5309 2050 1686 2103"/></Shape>
	    <String CONTENT="zetuͦnd fùr aller mengklichs irrūg un̄ ansprach, in gericht un̄ usswendig, wo, wen̄ un̄ wie dick des Margreta, Adelheit un̄ Elsa Hoppfin, obgñt,"
                    HPOS="1678"
                    VPOS="1972"
                    WIDTH="3635"
                    HEIGHT="131"></String>
          </TextLine>

          
          
          <TextLine ID="region_1515618586071_5l28"
                    
                    BASELINE="1672 2134 1866 2132 2060 2129 2254 2126 2449 2124 2643 2121 2837 2118 3032 2116 3226 2114 3420 2112 3615 2110 3809 2108 4003 2106 4198 2104 4392 2102 4586 2100 4781 2099 4975 2098 5169 2096 5364 2094" 
                    HPOS="1661"
                    VPOS="2018"
                    WIDTH="3701"
                    HEIGHT="139">
            <Shape><Polygon POINTS="1670 2132 1661 2075 5350 2018 5362 2091 5358 2103 1670 2157"/></Shape>
	    <String CONTENT="notdurftig sind odˀ wˀdent an all geverd, un̄ widˀ dhein vor un̄ nach geschribn̄ ding un̄ geding niemˀ ze komēt, redēt, wˀbent, tuͦnd, schaffen, vˀhengē"
                    HPOS="1661"
                    VPOS="2018"
                    WIDTH="3701"
                    HEIGHT="139"></String>
          </TextLine>

          
          
          <TextLine ID="region_1515618586071_5l29"
                    
                    BASELINE="1662 2192 1855 2192 2048 2190 2241 2188 2434 2186 2627 2185 2820 2182 3014 2180 3207 2178 3400 2176 3593 2172 3786 2170 3979 2168 4173 2164 4366 2162 4559 2160 4752 2157 4945 2155 5138 2152 5332 2150" 
                    HPOS="1653"
                    VPOS="2083"
                    WIDTH="3676"
                    HEIGHT="135">
            <Shape><Polygon POINTS="1661 2189 1653 2132 5321 2083 5329 2149 5325 2177 1661 2218"/></Shape>
	    <String CONTENT="noch gehellen getan wˀdn̄, wedˀ heimlich noch offenlich indhein wise, sundˀ disz alles war, stett un̄ vest zehalten by irn guͦten trùwn̄ ungevˀlich."
                    HPOS="1653"
                    VPOS="2083"
                    WIDTH="3676"
                    HEIGHT="135"></String>
          </TextLine>

          
          
          <TextLine ID="region_1515618586071_5l30"
                    
                    BASELINE="1670 2254 1863 2252 2056 2250 2250 2250 2443 2248 2636 2246 2830 2243 3023 2240 3216 2238 3410 2234 3603 2232 3797 2228 3990 2226 4183 2224 4377 2220 4570 2218 4763 2214 4957 2212 5150 2208 5344 2206" 
                    HPOS="1661"
                    VPOS="2149"
                    WIDTH="3680"
                    HEIGHT="139">
            <Shape><Polygon POINTS="1666 2251 1661 2181 5329 2149 5341 2202 5337 2218 4953 2247 4948 2247 4523 2234 4425 2234 4400 2239 4314 2255 4314 2255 4314 2255 4310 2255 4167 2243 4109 2239 1666 2288"/></Shape>
	    <String CONTENT="un̄ beschach disz alles ingericht mitt urteil un̄ recht, mitt uffgebn̄, vˀzichn̄, in anttwurt₎, mitt mund, mitt hand, worten, wˀcken, wisen, geberdn̄ und"
                    HPOS="1661"
                    VPOS="2149"
                    WIDTH="3680"
                    HEIGHT="139"></String>
          </TextLine>

          
          
          <TextLine ID="region_1515618586071_5l31"
                    
                    BASELINE="1656 2316 1851 2314 2047 2314 2243 2312 2439 2310 2634 2308 2830 2306 3026 2304 3222 2300 3418 2298 3613 2295 3809 2292 4005 2288 4201 2285 4397 2282 4592 2278 4788 2274 4984 2270 5180 2266 5376 2262" 
                    HPOS="1649"
                    VPOS="2189"
                    WIDTH="3725"
                    HEIGHT="148">
            <Shape><Polygon POINTS="1653 2312 1649 2259 5362 2189 5374 2259 5374 2275 1653 2337"/></Shape>
	    <String CONTENT="namlich mitt allˀr sicherheit un̄ gedheins wegs hˀzuͦ gehoͤrēt als notdurftig un̄ als das nū und hienach billich krafft, macht, handvesti habn̄ un̄"
                    HPOS="1649"
                    VPOS="2189"
                    WIDTH="3725"
                    HEIGHT="148"></String>
          </TextLine>

          
          
          <TextLine ID="region_1515618586071_5l32"
                    
                    BASELINE="1682 2376 1876 2378 2071 2376 2265 2376 2460 2374 2655 2374 2849 2372 3044 2368 3239 2366 3433 2362 3628 2358 3822 2354 4017 2350 4212 2346 4406 2342 4601 2336 4796 2332 4990 2328 5185 2322 5380 2318" 
                    HPOS="1674"
                    VPOS="2251"
                    WIDTH="3704"
                    HEIGHT="155">
            <Shape><Polygon POINTS="1678 2374 1674 2304 5366 2251 5378 2316 5374 2349 1678 2406"/></Shape>
	    <String CONTENT="stett belibn̄ sol un̄ mag än alles bekrencken un̄ widˀtribn̄, alles nach recht, sitt un̄ gewonheit dˀ statt Brugg. ✳ hieby un̄ mitt sint ingericht gewessn̄"
                    HPOS="1674"
                    VPOS="2251"
                    WIDTH="3704"
                    HEIGHT="155"></String>
          </TextLine>

          
          
          <TextLine ID="region_1515618586071_5l33"
                    
                    BASELINE="1662 2436 1854 2436 2047 2436 2240 2436 2433 2434 2626 2434 2819 2432 3011 2430 3204 2428 3397 2426 3590 2422 3783 2420 3976 2416 4168 2413 4361 2410 4554 2406 4747 2402 4940 2398 5133 2394 5326 2390" 
                    HPOS="1657"
                    VPOS="2333"
                    WIDTH="3668"
                    HEIGHT="127">
            <Shape><Polygon POINTS="1661 2435 1657 2382 5313 2333 5325 2386 5321 2406 1661 2460"/></Shape>
	    <String CONTENT="un̄ des gezùgen die ersamē Heinrich Smid, alt schulth̄s, Hans Stelli, des rats, ✳ Cuͦnrast Räst, ✳ Uͦlrich Etterly, ✳ Ruͤdi Wagnˀ, ✳ Petˀ Toͤlznˀ, ✳ Fridly"
                    HPOS="1657"
                    VPOS="2333"
                    WIDTH="3668"
                    HEIGHT="127"></String>
          </TextLine>

          
          
          <TextLine ID="region_1515618586071_5l34"
                    
                    BASELINE="1666 2498 1863 2498 2060 2496 2257 2496 2455 2494 2652 2494 2849 2492 3046 2490 3244 2488 3441 2486 3638 2484 3835 2482 4033 2479 4230 2476 4427 2472 4624 2468 4822 2464 5019 2460 5216 2456 5414 2450" 
                    HPOS="1657"
                    VPOS="2378"
                    WIDTH="3754"
                    HEIGHT="155">
            <Shape><Polygon POINTS="1661 2496 1657 2431 5399 2378 5411 2447 5407 2509 4609 2521 4605 2521 4605 2521 4601 2521 4601 2521 4601 2521 4596 2521 4592 2517 4555 2496 4314 2505 4310 2505 4310 2505 4306 2505 4220 2484 4179 2509 4175 2509 4175 2509 4175 2509 4171 2509 4171 2509 4167 2509 4167 2509 3987 2492 3774 2521 3765 2521 3765 2521 3761 2521 3761 2521 3761 2521 3753 2521 3622 2492 3536 2521 3536 2521 3532 2521 3532 2521 3532 2521 3528 2521 3528 2521 3528 2521 3270 2501 3176 2525 3172 2525 3168 2525 3168 2525 3164 2525 3106 2525 2288 2509 2214 2533 2206 2533 2202 2533 2202 2533 2198 2533 2198 2533 2169 2533 1981 2513 1661 2533"/></Shape>
	    <String CONTENT="Seiler un̄ andˀr erbˀr lùtt. und des alles ze warē, vestē urkùnd hab ich, obgen̄tˀ richtˀ, vō des gerichts un̄ ir bett wegn̄ min eign̄ insigel offenlich"
                    HPOS="1657"
                    VPOS="2378"
                    WIDTH="3754"
                    HEIGHT="155"></String>
          </TextLine>

          
          
          <TextLine ID="region_1515618586071_5l35"
                    
                    BASELINE="1646 2570 1801 2566 1957 2564 2113 2560 2268 2559 2424 2558 2580 2556 2735 2556 2891 2554 3047 2554 3202 2554 3358 2552 3514 2552 3669 2550 3825 2548 3981 2546 4136 2542 4292 2539 4448 2534 4604 2530" 
                    HPOS="1637"
                    VPOS="2468"
                    WIDTH="2964"
                    HEIGHT="188">
            <Shape><Polygon POINTS="1645 2566 1637 2505 4588 2468 4601 2529 4596 2599 4429 2582 4388 2603 4351 2623 4351 2623 4351 2623 4347 2623 4347 2623 4343 2623 4343 2623 4343 2623 4339 2623 4339 2623 4298 2607 4269 2595 4240 2607 4183 2627 4183 2627 4179 2627 4179 2627 4175 2627 4175 2627 4040 2611 4015 2607 3982 2611 3843 2632 3843 2632 3839 2632 3839 2632 3835 2632 3761 2615 3720 2603 3692 2615 3655 2632 3655 2632 3651 2632 3651 2632 3651 2632 3647 2632 3647 2632 3647 2632 3643 2632 3598 2615 3532 2595 3397 2619 3364 2623 3364 2623 3364 2623 3360 2623 3360 2623 3332 2619 3201 2599 3156 2623 3123 2640 3123 2640 3123 2640 3119 2640 3119 2640 3119 2640 3115 2640 3115 2640 3025 2623 2894 2603 2709 2603 2673 2632 2673 2632 2668 2632 2668 2632 2668 2632 2664 2632 2664 2632 2660 2632 2660 2632 2660 2632 2656 2632 2648 2632 2574 2607 2357 2607 2243 2636 2185 2652 2181 2652 2181 2652 2181 2652 1919 2656 1915 2656 1915 2656 1911 2656 1911 2656 1911 2656 1907 2656 1887 2644 1837 2615 1776 2644 1747 2656 1747 2656 1743 2656 1743 2656 1743 2656 1739 2656 1739 2656 1641 2644"/></Shape>
	    <String CONTENT="gehenckt an disen brieff, doch mir un̄ minē erbn̄ anschadn̄, der geben ist des tags und jars, als vor statt ꝫcꝭ."
                    HPOS="1637"
                    VPOS="2468"
                    WIDTH="2964"
                    HEIGHT="188"></String>
          </TextLine>

          
        </TextBlock>
        

        
      </PrintSpace>
    </Page>
  </Layout>
</alto>
