6195 4768
1708 595 3497 132 Wir, der schulth̄s und rautt zuͦ Brugg in Ergoͤw, bekennēt und tuͦnd kund offenlich mitt disē brieff, ✳ das uff hût sinˀ dât fûr uns komē ist ✳ der from̄, wisz Ruͦdolff Nieszly, dˀzitt hofmeistˀ

1815 675 3342 99 zuͦ Kûngsfeldē, innamē ✳ un̄ anstatt der erwirdigē, geistlichē ✳ aͤptissin und des gemeinē cōvents zuͦ Kûngsfeldē, ✳ unsrˀ besundˀ gnedigē, liebn̄ frowē, ✳ und zougt uns vier vˀsigelt houpt¬

1796 552 3417 270 brieff in bermēt und mitt anhangendē insigeln ✳ und batt uns anstatt, als vor stâtt, mitt frûntlichē ernst ✳ den selbn̄ unsˀn gnedigē frôwē vō Kûngsfeldē zuͦ lieb un̄ dienst soͤlich jetzgemel¬

1792 774 3377 92 det brieffe ✳ fûr uns zenemē, die zuͦhoͤrē und zebesechē ✳un̄ inē daruf dero ✳ und der schrift, so uswendig uff dē einē brieff stuͦnd, ✳ gloublich abschriftē, ✳ die man nept̄ vidimus, under

1800 818 3365 107 unser statt Brugg secrett insigel zuͦ gebē. ✳ und daruf nach irm begˀn, ✳ so habn̄t wir soͤlich gemeldet versigelt brieff un̄ die gemeltē geschrifft fûr uns genomē, ✳ die aigenlich be¬

1804 866 3373 99 sechē, gelesē un̄ verhoͤrt ✳ und inē daruf dero hie mitt undˀ unser statt Brugg secrett insigel ✳ vidimus gebē. ✳ und wisend die gemeltē brieff un̄ die geschrifft vō wort zuͦ wort,

1800 913 3381 96 als hˀnach stàtt, ✳ namlich un̄ des erstē, ✳ der erst also: ✳ ✳ wir, Lûtpolt, vō gots gnadē hertzog ze Oͤsteˀrich un̄ zuͦ Styr, vˀjechē un̄ tuͦnd kund allen den, ✳ die disē brieff ansechēt odˀ

1812 961 3365 99 hoͤrēt lesen, ✳ das wir unsˀm liebē oͤcheim, grâf Eberhart₎ vō Nellemburg, ✳ umb den dienst, ✳ den er uns getân hâtt ✳ un̄ noch getuͦn mag, schuldig sind ✳ druͦhundˀt march silbˀs genges

1804 1001 3381 115 un̄ gebes Costentzˀ gewichtes ✳ und habē im un̄ sinē erbē ✳ darub̄ vˀsetzet ✳ drissig march geltes uff den guͤttren, ✳ die hie nach geschribē stând: ✳ in dē Eygē ze Brucke ✳ zemeyen vier¬

1800 1064 3421 108 zechē pfund pfēninge ✳ un̄ zeherbst ✳ einlef pfund ✳ un̄ fùnffzechē schillinge ✳ gesatztˀ vogtstûr, ✳ uff dē Boͤtzberge ✳ zemeyē sechtzechē pfund ✳ un̄ zeherbst vier und zwentzig pfund

1800 1104 3361 111 gesatzter vogtstûr, ✳ uff dem hof ze Rein sechs und drissig stucke ✳ und indē kyrchspel ze Rein ab allē zechend₎ fûnff und viertzig stuck. ✳ und sol dˀ vorgen̄t unser oͤcheim un̄ sin

1792 1148 3369 127 erbē die vorgeschribnē drissig march geltes ✳ als lange in̄habē, nutzē un̄ niessē ✳ untz wir ald unser bruͦdˀ ✳ oder erbē die vō inen erloͤsen um̄ druͤhundˀt march silbˀs. ✳ und des ze¬

1800 1203 3397 128 eim urkûnde ist der brieff versigelt mitt unsˀm insigel, ✳ der ward gebē ze Diessenhofen, an aller heiligē tag, ✳ do man zalt vō Christes geburde ✳ drûzechēhundˀt jar, ✳ dar nach

1788 1255 3357 123 indē drù und zwentzigistē jar. ✳ ✳ item so wist ✳ der ander brieff: ✳ ✳ wir, Ott, vō gots gnadē ✳ hertzog ze Oͤsterrich un̄ ze Steyr, ✳ vˀjechend un̄ tuͦnd kund offenlich mitt disem

1804 1299 3401 127 brieff, ✳ das unser getruwˀ und liebˀ oͤcheim, grâf Eberhart vō Nellemburg, mitt unser gunst un̄ guͤtē willē vˀsatzt hât Wilh̄ dē Hekentzi, burgˀ ze Schafhusē, ✳ drissig march

1800 1362 3389 120 geltes uff den guͤttern indē Eygē ze Brucke ,✳ uff dē Boͤtzberg ✳ und andˀswo, als die brieff sagēt, ✳ die der vorgenāt unser oͤcheim vō Nellemburg ✳ vō unsˀm liebē bruͦder hˀtzog

1804 1394 3341 131 Lûtpold, seligē, ✳ darub̄ hâtt ✳ und die sin satz gewesen sind ✳ fûr drûhundˀt march silbers Costentzˀ gewichts. ✳ und sol der selb Wilhelm Heketzi odˀ sin erbē ✳ die selbē guͤttˀ mitt

1800 1458 3393 127 der vorgen̄tē gûlt inne habē ✳ als lang untz das wir in̄ odˀ sin erbē ✳ der selbn̄ drûhundˀt march silbers ✳ usrichtē un̄ werē gar un̄ gentzlich. ✳ und das zuͦ einē urkûnd ✳ gebē

1812 1505 3341 120 wir im disen brieff, vˀsigelt mitt unsˀm insigell, ✳ der ist gebē ze Diessenhofē, ✳ do mā zalt vō Christs gepûrt ✳ drûzechenhundˀt jar, ✳ darnach indē drissigistē jar, ✳ an don-

1815 1557 3342 111 stag nach santt̄ Mathias tag. ✳ ✳ itē so wist der dritt also: ✳ ✳ wir, Albrecht un̄ Ott, vō gottes gnadē hertzogē zuͦ Oͤsterrich un̄ ze Steyr, ✳ vˀjechēt un̄ tuͦn kund offenlichē mitt

1716 1597 3473 119 disē brieff, ✳ das wir unsˀm getruwē, liebē Johansē vō Hallwil, phleger in Sunkoͤw, ✳ schuldig sind ✳ un̄ geltē sûllen ✳ drûhundˀt march silbers baszler gewichtes, ✳ darub̄ er uns

1812 1652 3373 120 des vō Eschenbach guͦt ledig gelâssen hautt, ✳ das er darub̄ vō uns zepfandschaft vor hâtt inngehept ✳ und wisend in̄ um̄ das selb silber uff drissig march geltes, ✳ die gelegē

1812 1700 3345 131 sind uff dē Boͤtzbˀg ✳ un̄ in̄ dem Eygē, ✳ also das er un̄ sin erbē ✳ die vorgeschribn̄ drissig march geltes innehabē un̄ niessē sûllen ân abslackch mitt allē den rechtē un̄ nutzē,

1792 1760 3385 107 so darzuͦ gehoͤrend, ✳ und in aller der wise, ✳ als si vor der vō Nellemburg zuͦ pfand vō uns innegehept hâtt ✳ un̄ als die brieff sagēt, ✳ die der selbe vō Nellemburg darùbˀ gehapt hâtt

1800 1811 3357 108 als lang ✳ untz das wir, ✳ unser erbn̄ ✳ oder nachkomē ✳ die selbn̄ gûlte vō im̄ odˀ vō sinē erbē ✳ um̄ das vorgeschriben silber ✳ gar un̄ gentzlichn̄ ✳ erledigē un̄ erloͤsen ✳ und gebē

1804 1851 3353 111 im̄ des zuͦ einē offenn urkûnde ✳ un̄ sicherheit disen brieff, ✳ besigeltn̄ mitt unsˀn anhangundē insigeln, ✳ der gebē ist ze Wienn, do man zalt von Cristes gebûrde druͤ¬

1784 1640 3353 370 zechenhundtˀ jar, ✳ darnach in dem eins un̄ drissigistē jar, an mittwuchē vor santt̄ Marien Magdalenē tag. ✳ itē so wist der vierd brieff also: ✳ allen den, die disen

1784 1958 3393 104 brieff ansechēt odˀ hoͤrend lesen, tuͤnd kund ✳ wir, Uͦlrich un̄ Albrecht Truchsessē, gebruͦdˀ, zwen edel knecht, ✳ und Nese ir swestˀ, klostˀ frôwe ze Schennis, ✳ vˀjechē unvˀscheiden¬

1804 2010 3361 95 lich, offenlich andisē brieff fûr uns un̄ unsˀr erbē un̄ alle unser nachkomē, ✳ das wir vˀkouffent ✳ un̄ vˀkouffet hand ✳ un̄ zekouffene hand gebē recht un̄ redlich ✳ eines rechten, stetē kouffes den

1800 1740 3381 425 erwirdigē, geistlichē frowē, ✳ der eptissin, frôw Irmengart vō Hochenberg, ✳ und der klostˀ frowē gemeinlich des convents der clostˀ frowē ze Kûngsfeldē, gelegē in Costentzer bystū,

1819 2093 3318 104 fûnffzechē fûnffzechē march gelts, ✳ die der vorgenantē ✳ Uͦlrich un̄ Albrechts Truchsessē ✳ und Nese, ir swestˀ, klostˀ frôwe ze Schennis, ✳ pfand schilling was ✳ um̄ anderthalb¬

1804 2157 3377 99 hundert marck silbers ✳ vō unsˀm gnedigē hˀn, ✳ hertzog Albrecht seligē vō Oͤsterrich, ✳ als der hôptbrieff wiset und seitt, ✳ der darub̄ vormâls wiset und seit, ✳ die selbn̄ vorgen̄̄

1815 2197 3378 99 fûnffzechē marck gelts ✳ man richtē und werē sol ✳ als hienach geschribn̄ statt: ✳ vō dem hofe ze Rein ✳ gelegē ist ✳ achtzechē stuck gelts, ✳ abˀ vō minˀ herschaft zinsē un̄ zechē¬

1792 1998 3401 358 den ✳ ab dē Boͤtzberg ✳ dritthalb stuck un̄ zwentzig stuck, ✳ und ab der stûr niden ussz zwentzig pfund stebler, ✳ der gitt man achtn̄ ze meyē ✳ un̄ zwoͤlffe ze herbst, ✳ und in̄ dem Eygē

1776 2292 3417 115 drûzechē pfund vō dˀ gesatztē stùr, ✳ die vorgen̄̄ zinsz und stûr man werē un̄ richtē sol ✳ ab den vorgen̄ guͤttern uff dem Boͤtzberg und in̄ dem Eygē, ✳ mitt aller zuͦgehoͤrd um̄ ✳

1800 2344 3385 111 sibenhundˀt pfund und drissig pfund stebler pfenning, ✳ die genge un̄ gebe sind, ✳ der wir, ✳ die vorgen̄̄ Truchsessen, gar und gentzlich gewert sind ✳ un̄ in unsˀn nutz bekert

1808 2383 3393 132 sind, ✳ vō den obgen̄̄ erwirdigē, geistlichē frowē, der eptissin ✳ und des convents gemeinlichē der clostˀ fròwē ze Kûngsfeld. ✳ ouch hand wir, die obgen̄ Uͦlrich un̄ Albrecht,

1792 2447 3357 115 edel knecht, gelopt ✳ un̄ ôch loben recht werē ze sinne ✳ fûr uns, ✳ unser erbn̄ ✳ des vorgen̄̄ pfand schillinges, als der obgen̄̄t hoptbrieff wisēt un̄ sagēt, die selbē brieff habē

1796 2487 3365 123 wir in gegebē un̄ in geanttwurt ✳ den vorgen̄̄ erwirdigē, geistlichē frowē, der eptissin und den klostˀ frôwen gemeinlich ze Kûngsfeld, ✳ und dawidˀ nùmer zuͦ tuͦnne

1800 2538 3409 128 mitt wortē noch mitt werckē, mitt reten, mitt getettē, mitt keinē, artikeln, ✳ sy syent geschribn̄ odˀ ungeschribē, funden odˀ noch funden moͤchtē werdē, mitt geistlichē odˀ welt¬

1804 2586 3341 123 lichē gericht odˀ âne gericht, ✳ damitt wir odˀ unser erbē ✳ den obgen̄̄ erwirdigē frowē kein gebrestē mochte bringē ✳ odˀ empfachn̄ an dē vorgen̄ pfand schillīg un̄ ouch

1808 2626 3373 131 kouff, ✳ damitt sy gehindˀt odˀ beswert moͤchtēt werdē ân alle geverd. ✳ und des ze einem warē urkûnde aller vorgeschriben dinge, ✳ so hand wir, die vorgen̄̄ Truchsessē, Uͦlrich

1788 2685 3401 132 un̄ Albrecht, unser eygē ingesigel gehencket andisen brieff ✳ zuͦ eim wâren, stettē urkûnde aller voˀgeschriben dinge ✳und ouch zuͦ merē scherheit, ✳ so binde ich, Nese Truch¬

1804 2733 3345 131 sessin, mich undˀ mins bruͦder Uͦlriches ingesigel, ✳ wanne er der elter ist, ✳ alles das stête ze habende und dawidˀ niemer ze tuͤnne, ✳ als vō uns vorgeschribn̄ stâtt. ✳ ✳ disz beschach

1784 2781 3377 131 und wart dirre brieff gegebē an unser frowē tag als sy ze hymel fuͦr, ✳ des järs, do man zalt von gots gebûrt tusent drûhundˀt jar ✳ un̄ in dē eine un̄ sibenzigostē jare. ✳

1788 2825 727 99 itē so wist die gemelt geschrift, ✳ so uff

2491 2817 83 67 dē

2511 2836 2626 128 nechstgeschribnē brieff stâtt also: ✳ disz gùlt alle nach sag disz briefs hand wir vˀkouft ✳un̄ dē edeln un̄ strengē hˀn Marquartē vō Baldegg,

1780 2892 3346 111 rittˀ un̄ herˀ ze Schenckembˀg ꝫcꝭ, zekouffē gebē, ✳ usgenomē die dryzechē pfund stûr im̄ Eigē. ✳ ✳ hand wir uns selbs behept ✳ alles nach sag der brieffē, darub̄ gebē, ✳ darub̄ er dem

1796 2936 3330 111 genantē vō Baldegg ✳ nitt wittˀ noch anders schadē, ✳ noch uns un̄ unser gotzhusz nûtzen odˀ behelffē sol, ✳ dan̄ um̄ die vorgen̄ten dryzechē pfund stûr im Eygē, ✳ mitt ur¬

1784 2972 3350 123 kûnd minˀ, Ruͦdolff Niesszlisz, ✳ der zitt hofmeisters, hand geschribn̄, uff donstag nach santt̄ Gallē tag, ✳ anno dn̄i mcccclviij ꝫcꝭ. ✳ und wan̄ nun wir, obgeñtē schulth̄s

1792 2876 3369 270 und rautt zuͦ Brugg, soͤlich vorgeschribn̄, vˀsigelt hoͧptbrieff un̄ die gemeltē geschrift, so ussz wendig uff einē brieff geschriben stâtt, ✳ fûr uns genomē, die eigenlich ge¬

1792 3063 3401 143 lesē, ✳ gehoͤrt ✳ und die also an angeschrift, ✳ gedicht, ✳ bermēt insigeln und andˀm gantz ✳ unvˀsert, ✳ guͦt, ✳ gerecht ✳ unbresthaftig ✳un̄ in all ander ander weg unargwenig gesechē

1788 3123 3365 115 un̄ ouch soͤlich der geñten unser gnedigē frowē vō Kûngsfeld₎ begˀn darin̄ nûtzit anders, ✳ dan̄ billichs in̄halt un̄ bewist, ✳ harub̄ so habn̄t wir ✳ des alles zuͦ warē, un̄ vestē-

1776 3170 3354 119 urkûnde unser statt Brugg secrett odˀ mindˀ insigel, ✳ doch gemeinˀ statt, uns ✳ un̄ unsˀn nachkomē zuͦ Brugg in allweg ân schadē, ✳ offenlich an disz vidimus und

1764 3226 3135 159 brieff tuͦn hencken, ✳ der also versigelt gebē ist uff mentag nach santt̄ Laurentyen tag, nach Cristi gepûrt vierzechenhundertfûnfftzig und nùn jar. ✳

1482 1593 214 115 Joh. von Hallwil
