4912 7360
1154 2459 2947 184 Ich, Hensli Lendi, vogt zuͦ Schintznacht, bekenn offenklich mit disem brief, daz ich uff zinstag

1172 2428 2978 282 nach sant Michels tag, nach der gepurt xp̄i, ûnsers herren, tusent fierhundert un̄ achzig un̄

1166 2428 2996 362 ein jar, zuͦ Schintznacht im dorff an offner, fryer straͧsz in namen un̄ an statt der edlen, strengen

1185 2710 2842 135 un̄ vesten her Hēmans von Mûlinen, ritters, der zuͦ gegen sass, un̄ junckher Albrecht von

1160 2778 3002 141 Mûlinē, sins bruͦders, miner gnaͤdigē zwingkheren, offenlich zuͦ gericht gesessen bin un̄ da selbs

1154 2839 2935 147 kam fûr mich un̄ das gericht der ersam̄ Heinrich Suter, hofmeister zuͦ Kûngsfeld, un̄ stalt sich

1154 2919 2965 141 mit sinem fûrbrechen nach ordnung des gerichts un̄ liesz durch inn offnen, sich hetten spēn

1166 2986 2898 129 erhabn̄ zwûschend den erwirdign̄ un̄ geistlichn̄ frowē, eptissin un̄ covent ✳ des gotshus

1178 3060 3003 147 Kûngsfeld, minē gnaͤdigen frowen, un̄ den iren, im ampt im Eigen gesessen, an einerm, und am

1160 3140 2966 129 andern teil den ersamē, wisen schultheisen un̄ raͧt zuͦ Brugg, an treffend weid gaͤng un̄ holtz

1160 3201 2953 135 fert, so die selben von Brugg ver meintend im ampt im Eigen allenthalb un̄ och im Hiltenspuͤl

1154 3281 2910 123 un̄ dem holtz, so zum hus Hapspurg gehoͤrt, zuͦ haben, ✳ da aber min gnaͤdig frowē un̄ die iren

1160 3354 2861 123 obgen̄t vermeintent, soͤllichs vor alter nitt also har komen, je gebrucht un̄ noch nit sin soͤllen,

1160 3397 2880 148 mitt mer wortn̄. ✳ ✳ nu waͤre Hensli Meyer von Schintznach vor vast vil vergangē jaren ein

1160 3489 2910 117 dienender knecht zuͦ Brugg gewesen, des halb er hoffte, im soͤlt wissent un̄ noch in gedenck sin,

1172 3551 2868 122 wie soͤllichs do malen gehalten un̄ gebrucht un̄ waz im dar inn begegnet waͤr, un̄ bezûgte sich

1160 3612 2953 129 des an in mit beger, inn mit urteil dar an zuͦ wisen, sich des halben zuͦ lûtern, un̄ satzt zuͦ recht,

1166 3680 2867 128 ob soͤllichs nit billich waͤr. die wil nun kuntschafft der warheit dem rechten zuͦ hanthabenbūg billich

1142 3747 2953 135 zuͦ geben ist, so haut g der genempt Hensli Meyer nach bekanter urteil un̄ minem gebott also be¬

1160 3833 2855 116 zûget un̄ gesagt, ✳ deer hab lang vor dem Ergoͤwer krieg un̄ ee dān min gnaͤdigen herren von

1172 3900 2929 123 Bern das land im Ergoͤw zuͦ iren handen erb erobert haben einem metzger zuͦ Brugg, genēpt

1160 3956 1603 134 Ulmenmeister, gedient un̄ der schaͧff ge gehaͤtt un̄ wēn ✳

2756 3937 56 92 er

2750 3962 1351 128 von er Brugg hin uss zum Hiltenspuͤl under

1154 4011 2941 147 der swestren hus zum Suͤssenbach kaͤm ✳ un̄ jemant aͤnenthalb den Suͤssenbach uff dem veld saͤhe, es

1178 4084 2972 141 waͤrend hirten odˀ ackerlût, so getoͤrst er nit hin ûber tribn̄, ✳ vorcht un̄ sorgen halb, er wurde wider her

1166 4158 2941 141 ûber gejagt, un̄ so lang er dē selben maist meister gedenent hab sie er mitt den schaͧffen ûber den

1185 4244 2947 116 Suͤssenbach by der swestran hus noch des hin fûr ussz nie gefaren. ✳ un̄ seit so wvil mer, als er eins maͧls

1172 4299 3009 129 mitt den schauffen under dem Hiltenspuͤl im wa veld hielt un̄ aber kaͤmkein riten ruͦten noch kein messer

1160 4379 2966 122 by im hett, ✳ gieng er in den Hiltenspuͤl un̄ wolt ein birchin ruͦten ab brechen. un̄ die wil er hin un̄ her

1166 4446 2929 123 also da zanete, da kam der von Wolen, saͤlig, geritten un̄ er wusste inn by einem arm un̄ sleiffte inn

1154 4508 2904 134 nebent dem pferdt hin, also daz er wònd, er woͤlte in toͤden, un̄ muͦste im versprechen, als er och taͤt,

1160 4575 2910 135 niemˀ kein ruͦten mer im Hiltenspuͤl zuͦ howen noch ze brechen. soͤllich sin gezûgnis sye im als wol

1160 4649 2898 128 als des tags, do im soͤllichs begegnete, eigenlich wissen havt, oͧch sin sag also ein warheit sin nach nac

1178 4722 2929 123 vor gebner trùw, r mitt uff gehepter hand un̄ gelerten worten zuͦ gott un̄ den heilgen gesworen. hie

1178 4796 2898 116 by sind gewesen Claͤwe Maͤrck, Hensli Cuͦntz, Thoma Staͤlle, Hensli un̄ Cuͦntz Tuͤfel, Cuͦntz Muri,

1203 4857 2843 129 Heini Jucker un̄ Hensli Weber, all von Schintznach. ✳ disz alles zuͦ urkûnt haut der obgenant min

1178 4925 2929 141 gnaͤdiger her, her Hēman von Mûlinen, sin eigen insigel von des gerichts wegen un̄ nach muͦtung

1178 5004 2874 172 des genemptē hofmeisters, als das mitt urteil bekennt ward, im un̄ sinen erben unschaͤdlich, offenlich

1191 5078 2050 184 indisen brieff getrukt, der geben ist des tags und jars, als vor staut.
