4799 6584
631 1201 3426 137 Wir, bruͦder Johāns Swartzmurer, apt, und der convent gemeinlich zuͦ Wettingen des ordens von Citels, in Costentzˀ bistuͦm gelegen, bekennent offenlich mitt disem brieff, das wir

697 1294 3360 99 durch desselben unsers gotzhus und unser anligenden notdurft, ✳ unsern nutz damitt ze fùrdenˀt und grossen schaden ze fùrkomen und sunder unser swaͤren schulden, darin wir dahar

702 1344 3344 82 sunder von des vergangnen treffenlichen kriegs wegen ✳ komen ✳ und uns ùberlegen sind gewesen, ✳ ettlicher masz ze betragent, ✳ nach guͦter, zitlicher vorbetrachtung und einhelligē raͧt

691 1371 3372 93 darub̄ under uns gehept und sunder mitt erlouben, guͦten gunst, wissen, willen und heissen unser obern, ✳ die ouch nach eigenlicher verhoͤrung, erkunnūg und gestalt unser sachen solichs in sundˀs gemeint,

686 1190 3399 335 uns ouch das geraten, ✳ geheissen, ✳ erloupt, ✳ gemeint ✳ und bevolhen habent zetuͦnd, ✳ fùr uns, unser obern, unser gotzhus und all unser ewigen nachkomen zuͦ Wettingen, obgen̄t, ✳ die wir ouch mitt uns herzuͦ

691 1464 3372 94 vestenklich verbindent ✳ gemeinlich und unvˀscheidenlich, ✳ eins uffrechten, redlichen, staͤten, vesten, ✳ ewigen kouffs und nach soͤlicher koͤuff recht, ✳ sitt ✳ und gewonheit ✳ verkoufft habent ✳ und gebent also inkraft

686 1514 3393 88 und urkùnd disz briefs recht und redlich, ✳ ouch mitt aller sicherheit und gewarsami, darin̄ und mitt diser kouff und vˀkouff von recht, ✳ gewonheit odˀ suss ✳ allerkreftenklichest bestan sol und mag, ✳ ze kouffend

686 1190 3410 477 den erwirdigen, geistlichen frowen, eptissin und convent zuͦ Kùngsfeld, Santt̄ Claren ordens, Costentzˀ bistuͦms, und sunder und namlich ✳ frow Ursulen von Mùlinen, klosterfrowen und jetz pflegˀin

691 1602 3361 93 des jarzitampts daselbs, an statt und zuͦ handen desselben jarzitampts, des pfleger ✳ und ir, ✳ ir gotzhusz und nachkomen zuͦ Kùngsfeld von des wegen ✳ disz hienachgenempten zinsz, gùlt und guͤter mitt

697 1190 3415 560 husz, mitt hoff, mitt hoffstetten, mitt schùren, garten, boͧmgarten, mitt ackern, mitt matten, mitt holtz, mitt veld, ✳ mitt wun̄, mitt weid, mitt steg, mitt weg, ✳ mitt uffart, mitt abfardt, mitt wasser, mitt wasserleitinē,

680 1695 3399 88 mitt efaͤdinen, mitt grund, mitt gràt und namlich ouch gemeinlich und sunderlich mitt allen und jegklichen ir gewaltsami, ehafft, fryheit, gewonheit, begriffung, nutzūg, rechtūg, harkomen und zuͦge¬

675 1739 3410 93 hoͤrd, ✳ die sient odˀ werdent herin̄ genēpt odˀ nitt, ✳ gesuͦcht, funden odˀ werden noch funden, ✳ mittnamen in aller wisz und masz, als unser gotzhusz, unser vordˀn und wir ✳ die bishar in̄ gehept, harbracht, uns

691 1788 3377 93 zuͦgehoͤrt, ✳ genutzet, genossen ✳ odˀ gewalt gehept habent zetuͦnd, ✳ fùr fry, ledig eigen und von mengklichem unbekùmbert und unanspraͤchig, ✳ gelegen inder selben unser frowen von Kùngsfeld ampt, ge¬

691 1832 3399 88 nant das Eigen, und hernach eigēlich genēpt und geschriben. ✳ des ersten ze Bir: ✳ item Hensli Komler von Bir git jerlich drig mùtt kernen, vier mùtt roggen, ein malter habˀn von dem gùt daselbs, das

680 1876 3416 99 er buwt, hatt vor Cuͤni Waltman und davor Hans Reyg von Bir. aber git er jerlich fùnff fiertel roggen, nùn fiertel habˀn und achzechen haller von dem andˀn guͦt daselbs, das er buwt, hatt vor Hans Broͤchi

686 1920 3410 104 von Bir. ✳ item Ruͤdi Getzman von Bir git jerlich drig mùt kˀnen, vier mùtt roggen, ein malter habˀn von einē guͦt daselbs, das er buwt, genan̄t das Guͦt zum Kaͤnel. ✳ item Hensli Zymerman vō Bir

697 1969 3388 93 git jerlich ein fiertel kernen, fùnff fiertel roggen, drig mùtt habˀn, sechsthalbē schilliḡ haller, zwey herpsthuͤnr von einē guͦt daselbs, das er buwt, nempt man Staͤllis Guͦt. ✳ ✳ item ze Lupffen: ✳ des erstē

691 2008 3410 93 Hans Reyg von Scherntz git jerlich zechen fiertel roggen, sechs mùtt, ein fiertel habern und nùn schilling haller von eim hoff ze Lupffen, den er buwt, hatt vor Cuͤni Widmer von Bir. ✳ item Heini Baͤsem¬

691 2057 3394 88 bùr von Lupffen git jerlich drig mùtt kernen, zechen fiertel roggen, sechs mùtt habˀn und drig schilling haller von dem guͦt, das er buwt, hatt vor Hans Bluͦm und Uͤli Habrer von Lupffen. ✳ ✳ item

697 2101 3404 88 ze Scherntz: ✳ des ersten der hoff ze Scherntz mitt zuͦgehoͤrd, den jetz Clewi Frig von Scherntz buwt, gilt jerlich sechszechen mùtt roggen, ✳ zwen mùtt gersten, ✳ vier malter habˀn un̄ vierzechē

719 2145 3388 99 schillīg haller. aber git er von der hushoffstatt, die wir zum hoff von den obgen̄ unsern frowen von Kùngsfeld vor ettwas jaren gekoufft habent, ✳ jerlich zwey fiertel kˀnen, ein vasnachthuͦn, zwey

697 2200 3344 93 herpsthuͤnr und drissig eiger. ✳ item Hans Reyg, obgen̄t, git jerlich sechs fiertel roggen, sechs fiertel habern und achzechen haller von der tafern ze Scherntz und von eim guͦt daselbs, das

691 2238 3383 99 er buwt, ✳ hatt vor Jaͤckli Staͤlli von Scherntz. ✳ ✳ und also hand wir, obgen̄ vˀkoͤuffer, si, dieselben koͤuffer, uff hùtt, datū disz briefs, ✳ der zinsz, gùlt und guͦtˀ als vor stât bewist und inē die zinsz¬

697 2282 3410 93 lùt, darin̄ genempt, die darub̄ beruͤft und zegegen gewesen sind, der gichtig gemacht nach irm benuͤgen. ✳ und ist der kouff und vˀkouff darub̄ beschechn̄ und geben, je ein stuck umb achzechn̄

702 2342 3394 99 guldin, und darzuͦ un̄ mitt hand wir inē zekouffen geben all usstand zinsz, so uff und von den guͤtˀn uff santt̄ Martins tag nechstvˀgangen und davor uns gevallen und unbezalt usstànd, je zwey

708 2381 3371 88 stuck fùr ein guldin, ✳ und also gebùrt sich die sum̄ an gold, darub̄ diser kouff als vor stât beschechn̄ ist, ✳ nach eigenlicher rechnūg zesamen geslagen achthundertvierzigundvier guldin, Rinscher,

675 2414 3437 104 und drig schilling haller, ✳ dero uns die genempten unser frowen von Kùngsfeld und ir jartzitampt, sibenhundert guldin Ludwig Zechender von Arow nach unsˀm vˀschaffen und von unser wegen, dem wir

697 2463 3410 104 die verbriefft hatten, und uns daruff die ùbrigen hundertvierzigundvier guldin und drig schillīg haller, bar usgericht und bezalt habent, ✳ sind also von inen der sum̄ der achthundertvierzigun̄vier guld₎

702 2523 3377 88 und drig schillīg haller in unser, unsers gotzhus und unser nachkomen kun̄tlichen nutz gantz usgericht und bezalt, ✳ des wir uns herin̄ offenlich bekēnent. ✳ ✳ und hierub̄, so entzichent und entwerent

713 2573 3366 88 wir, obgen̄ verkoͤuffer, apt und convent zuͦ Wettingen, uns ✳ fùr uns, ✳ unser obern, ✳ unser gotzhusz und all unser ewigen nachkomen daselbs zuͦ Wettingen ✳ soͤlicher vorgenēpter verkoufften zinsz, gùlt und

708 2611 3399 99 guͤter, namlich der eigenschafft und aller unser und unsers gotzhusz vordrūg, recht und anspraͧch, ✳ ouch aller gewerd, besitzung und inneͣmūg daran und zuͦ ✳ und sunder dero, als die jetz als vor staͧt besetzt

686 2655 3415 104 geltent und gichtig sind oder hinfùr jemer gelten mogent oder werdent, ✳ mitt allen und jegklicken ir gewaltsami, fryheit, ehafft, gewonheit, nutzūg, rechtūg, harkomen und zuͦgehoͤrd, ✳ alles fùr fry, ledig eigen

697 2704 3388 88 un̄ von mengklichem unbekùmbert un̄ unansprechig inwisz un̄ masz, als vor eigenlich begriffen ist, ✳ ouch des koufs und verkouffs darub̄, wie vor un̄ nach stât, ✳ und gebent disz alles also lidklich uff in

691 2737 3394 99 und zuͦhanden der egen̄ unser frowen von Kùngsfeld zuͦhanden ir jartzitampt und des pfleger, ✳ ouch ir gotzhusz, ir un̄ ir nachkomen von des wegen, als vor stât, ✳ setzent si ouch des alles in nutzlich, ruͤ¬

686 2748 3393 132 wig, still, fridlich und frilich gewerd, ✳ soͤlicher zinsz, gùlt und guͤter und des koufs und verkouffs darub̄, wie vor eigenlich geschriben stât, ✳ zegebruchent, zegeniessent, die zebesitzent, in̄zehabent, zenutzēt,

691 2825 3383 104 zeniessent, zebesetzent, zeentsetzent und namlich in die und allweg darin̄ und mitt zetuͦnd, lassent, wandlent und werbent ✳ als mitt irm eignē unbekùmberten gut ✳ und als unser vorfarn, unser gotzhusz

691 2858 3388 121 und wir bishar getan oder gewalt gehept habent zetuͦnd ✳ oder fùro wir und unser nachkomen tuͦn oder moͤchten getàn haben, ✳ ob wir die guͤter behept und nitt verkoufft hettent, ✳ aͧn unser, ✳ unser obern, ✳ un¬

697 2902 3388 110 sers gotzhusz, unser nachkomen und mengklichs von unser und ir wegen sumen, irren und insprechen nach irm besten nutz, willen und gevallen. ✳ ✳ wir, die selben verkoͤuffer, gelobent ouch daruff fùr uns und

691 2973 3438 99 als vorstàt, ✳ inen disz koufs umb die obgen̄ zinsz, gùlt und guͤter inallen worten, gedingen und mitt aller zuͦgehoͤrd als vor stat ✳ fùr fry, ledig eigen und von mengklichem unbekùmbˀt un̄ unansprechig ✳ fùr unser,

691 2990 3405 131 unser obern, unser nachkomen und allermengklichs irrūg und ansprach geistlicher und weltlicher lùt, ✳ gerichten, ✳ rechten und in allweg ✳ recht weren zuͦsind ✳ und inē des und hierub̄ guͦt, sicher wer¬

708 3039 3388 126 schafft zetùnd in un̄ usswendig gerichten un̄ namlich an allen stetten, enden, ouch gen mengklichem, wo, wen̄, wie un̄ als dick die koͤuffer, unser frowen von Kùngsfeld, ir jarzitampt, des pflegˀ

686 3105 3377 110 oder sy, ir gotzhusz und nachkomen von des wegen des notdurftig sind odˀ werdent, alles nach solicher friger koͤuff und lands recht, sitt und gewonheit ungevarlich ✳ und hiewider noch wider

691 3154 3438 110 disen ewigen kouff, disen brieff noch dhein ding noch geding heran geschriben ✳ niemer zekomend, zeredent, zetuͦnd, schaffen, verhengen noch gehellen getân werden mitt dheinē fùnden, listen, sachē

686 3171 3437 131 noch ùbˀal indhein wise, ✳ sunder das alles war, staͤt und vest zehalten bi unsˀn guͦten truwen, wirden und eren, und verzichent uns ouch herùber und indiser sach, alles fùr uns, unser obˀn,

691 3226 3421 126 unser gotzhusz un̄ nachkomen zuͦ Wettigen, als vorstàt, ✳ aller schirm, hilff, fùr und uszùgen aller unser, unser obˀn, unsers ordens und unsers gotzhusz zuͦ Wettingen fryheiten, gnaden, privilegien,

697 3226 3426 175 briefen und andˀs, ouch darzuͦ und mitt aller baͤpstlicher, keiserlicher, kùngklicher, geistlicher un̄ weltlicher gerichten, rechten, gesetzten, fryheiten, gnaden, geleiten, gebotten, vˀeynūgen, schir¬

691 3319 3421 137 men, uszùgen, fùnden, geverden, sovrˀ die odˀ dero deheins oder dhein ander sach wider disen ewigē kouff, disen brieff odˀ dhein ding heran geschriben jemer sin, ✳ wir odˀ jemand dawider erdenckē,

702 3357 3410 154 fùrzichen, geniessen oder uns behelffen moͤcht, ✳ sunder ouch des rechten, so ein gemein vˀzichung widerspricht, die sundre sie den̄ vorgangen, ✳ und aller andrˀ fùrzùgen, ursuͤchen un̄ sachen

702 3407 3383 137 gantz nùtzit usgenomen, das uns, unser gotzhusz, unser nachkomen zuͦ Wettingen noch niemand von unser wegen das alles noch dero dheins ✳ noch ùbˀal dhein sach, ding noch geding

691 3489 3416 110 noch gantz nùtzit wider disen ewigē kouf, disen brieff noch dhein ding heran geschribē ✳ nitt weder schirmen, behelffen, fristen, tecken noch wir zeschirm fùr zichn̄ noch geniessen soͤllēt,

697 3500 3415 148 mogent noch wellent ùbˀal indhein wise. ✳ und wir tund ouch disz alles inwisz un̄ fùr als vor stât ✳ mitt mund, hand, worten, wercken, wisen, geberden und namlich mitt aller sicher¬

691 3549 3416 149 heit, ✳ gewarsami ✳ und allem dem, so von recht oder gewonheit dheins wegs herzuͦ gehoͤrēt und notdurftig ist, ✳ ouch wie das alles und sunder diser kouff un̄ vˀkouff mitt denselbē gedin¬

713 3599 3372 153 gen jetz und hinfùr ewklich allerkreftenklichest bestan und handvest haben und stet bliben sol und mag, gantz ân alles bekrencken und widertribē, als ein ufrechtˀ, redlicher, friger,

708 3692 3388 110 ewiger kouff und vˀkouff, der mitt dheinē boͤsen listen, uffsaͤtzē, geverden noch andrˀ unbillickeit hindergangen, ✳ sunder vˀdaͧchtlich und mitt aller billikeit und immasz, als vor stat, be¬

702 3692 3372 165 schechn̄ ist und in aller wisz un̄ masz, als ob der vor offnen, geistlichen odˀ weltlichn̄ gerichten und nach soͤlicher und aller gerichten recht, sitt und gewonheit ✳ odˀ suss wo, wie,

708 3791 3404 104 vor wem oder in welich wise sich das gepurte ✳ nach aller notdurft beschechn̄, uffgeben, vollvˀtiget, vollfuͤrt und bestaͤt wer. ✳ insundˀs ist ouch indisem kouff berett worden, ✳ das wir,

686 3840 3382 99 die vˀkoͤuffer von Wettingen, fùr uns und unser nachkomen, als vor, unsˀn frowen zuͦ Kùngsfelden und irm jarzitampt, als ouch vor stât, ✳ alle die brieff, so wir umb un̄ ùbˀ soͤlich

697 3890 3443 104 obgen̄t verkoufft guͤter sampt odˀ sunder wisend jetz habent un̄ wissent ✳ oder hinfùr ùbˀ kurz odˀ lang jemˀ vindent, ✳ ùbˀ un̄ in antwurten soͤllent. ✳ ob aber soͤlichs allenklich nitt beschech,

708 3890 3366 164 wie sich das fuͤgte, soͤllent doch soͤlich brieff, darzuͦ ouch ander kuntschaft, zinszbuͤcher un̄ roͤdel, so vil und verˀ die um̄ die obgen̄ zinsz, gùlt un̄ guͤtˀ sampt un̄ sundˀ wisent, uns, unsˀm

724 3988 3366 99 gotzhusz un̄ nachkomen derohalb und hie wider unhilflich und inē, irm jarzitampt, irm gotzhus und nachkomen zuͦ Kùngsfeld unschedlich sin, den̄ es sol hinfùr ewklich bi disem

702 4038 3361 109 kouff und brieff und nach des in̄halt bestan und inen ouch soͤlich brieff und kun̄tschafft, soverˀ das sin mag, hinusz gevolgen, gehoͤren un̄ gebn̄ werden, als vor stât, ✳ all boͤsz fùnd, arglist

702 4087 3361 121 und geverd in alln̄ vor und nachgemelten stucken, gedingē un̄ artikeln gantz usgeslossen und alles ungevarlich. in krafft und urkùnd disz briefs, ✳ daran wir, obgen̄ vˀkoͤuffer,

708 4142 3371 115 apt und convent zuͦ Wettingen, unser aptie und convents daselbs insigel, unser gotzhus, uns und unser ewigen nachkomen zuͦ Wettingen damitt vestenklich diser sach

719 4186 3360 148 zebewisen und ùbˀsagen, ouch des alles ze warē, stetem, vestem un̄ ewigen urkùnd offenlich mitt rˀchter wissen gehenckt und den koͤuffern, dickgen̄t, den also vˀsigelt gebē

713 4241 3394 142 habent, do diser kouff also beschach un̄ beslossen wart, namlich uff santt̄ Otmars tag, des heiligen apts, do man zalt von Cristi gepùrt vierzechenhundertfùnfzigund

697 4307 203 219 drù jar. ✳
