7360 4912
1993 491 2640 131 Wir, eptissin und convent zuͦ Kùngsfelden ꝫcꝭ, bekēnent offenlich mitt disem brief, ✳ als den̄ unser lieben

2091 568 2481 107 bruͦder und herˀn, gardian und convent zuͦ Kùngsfelden ꝫcꝭ, und wir ✳ uff und von eim hof ze Ursprūg

2079 634 2591 90 uff dem Boͤtzberg gelegen, ✳ so jetz Hans Stoͤub ze Ursprūg buwt, ✳ zuͦ jarzitzinsz gehept habēt vier mùtt

2095 687 2563 74 kernē und ein malter haber gelts, ✳ dero wir meinten uns jerlich werden soͤlln̄ zwen mùtt kernē un̄ zechē

2083 732 2554 86 viertel habˀn, ✳ das aber die hern ✳ nitt allenklich, sunder meinten, soͤlich gùlt inen und uns jetwedˀm zum halb¬

2083 773 2567 94 teil zuͤgehoͤren soͤlln̄. ✳ darzuͦ hand wir, obgent̄ eptissin un̄ convent, uff einē andˀn guͤtlin daselbs, genempt

2079 822 2534 94 des Wissen guͤtli, fùnff fiertel kernengelts gehept, ouch zuͦ jarzitzinsz ꝫcꝭ. also von soͤlicher zweyūg wegen ✳

2075 875 2538 95 und sunder meren kùnftigen abgang der gùlt und guͤter ze fùrkoment ✳ und nutz ze fùrdrent ✳ habēt wir,

2091 929 2550 102 genempten eptissin und convent, ✳ fùr uns, unser gotzhus jarzitampt und nachkomen zuͦ Kùngsfeld ✳ nach

2099 986 2551 90 gûtˀ, zitlichˀ vorbetrachtūg und einhelligē rât soͤlich obgemeldet gùlt, so wir von beiden obgen̄ guͤtˀn zuͦ un¬

2091 1023 2493 102 serm teil, als vor stât, und namlich all unser gerechtikeit, vordrūg, recht und anspraͧch, so unser gotzhus ✳

2091 1080 2571 107 jarzitampt und wir an und zû soͤlicher gùlt und guͤtˀn zuͦ unserm teil ✳ gehept habēt odˀ habn̄ moͤchtēt, mitt

2091 1146 2563 86 aller nutzūg, ehafte, rechtūg, harkomen und zuͦgehoͤrd, ✳ ouch darzuͦ und mitt die vˀsessnen zinsz, so uns vō un̄

2079 1182 2562 99 uff den guͤtˀn usstaͧnd, ✳ und zwen guldin, so wir uff der stuben am husz daselbs gehept habent, ✳ den egen̄

2079 1240 2550 94 unsˀn lieben bruͦdern und hern, gardian und convent ✳ zuͦ Kùngsfeld₎, zuͦ handen ir selbs, ir gotzhus und

2083 1293 2542 98 nachkomen eins steten, vesten und ewigen koufs recht und redlich vˀkouft und zekouffen gebn̄ umb drissig¬

2067 1330 2595 123 undacht guldin, ✳ dero wir von inen bar bezalt und an andˀ end in unsers jarzitampts kun̄tlichn̄ nutz, damitt

2067 1391 2534 103 die jarzit von hin als bishar bestandēt und begangenwerdēt, ✳ bekerˀt und komen sind. ✳ des wir uns herin̄

2063 1457 2615 90 offenlich bekēnent und vˀzichent uns ouch daruf fùr uns, unser gotzhus jarzitampt und nachkomen soͤ¬

2075 1506 2558 90 licher gùlt gerechtikeit, vordrūg, recht und ansprach, als vor, und gebēt die in un̄ zuͦhanden der vorgen̄

2087 1563 2546 90 unser bruͦder und hnˀ, gardian und convents und ir nachkomen zû Kùngsfeld₎, ✳ lidklich uff ✳ und setzent si

2087 1616 2571 99 der in nutzlich gewer, ✳ die in̄zehabent, zenemēt, zenutzēt, zeniessent un̄ damit zetuͦnd und lassent als

2075 1678 2566 90 mitt dem iren, ân unser, ✳ unser nachkomen un̄ mengklichs von unser wegen sumen, irren und insprechen.

2083 1731 2612 90 wir gelobēt inen ouch, des koufs immasz, ouch inwisz und fùr als vor recht weren zuͦsinde und des guͦt, sichˀ

2063 1780 2636 102 werschaft zuͤtuͦnd, ✳ wo, wie un̄ wen̄ sich das gepùrt ✳ nach recht, ✳ ouch widˀ dehein ding heran geschribē

2079 1854 2612 94 niemer zekomēt, zeredent, zewerbēt, zetûnd, sundˀ das alles wàr un̄ stêt zehaltent, ✳ also das uns davor

2083 1903 2558 86 noch wider nùtzit behelfen inen schaden, sundˀ bi dem, so vor stât, ✳ ân alle fùrwort un̄ bekrencken bestân

2091 1952 2559 106 un̄ blibn̄ sol alles ungevarlich. inkraft und urkùnd disz brief, mit unser, obgen̄ eptissin und cōvents zû

2075 2005 2562 111 Kùngsfeld₎, ampts und convents anhangend₎ insigeln des alles zuͤ warem, vestem urkùnd offenlich vˀ¬

2083 2079 2436 147 sigelt, gebn̄ uff san̄tt Niclaus tag, nach Cristi gebùrt vierzechenhundˀtfùnfzigundsechs jar. ✳

2844 2427 156 139 aptie

3553 2431 212 106 convēts
