4912 7360
656 1649 3476 117 Wir, nachgenempten Ludwig Zechender, jetz schulth̄s ze Arow, und Niclaus Fricker, jetz stattschriber zuͦ Bern, ✳ bekēnent offenlich mitt disem brieff, ✳ als den̄ zwischent den erwirdigen, geist¬

749 1680 3370 172 lichen frowen, eptissin und convent zuͦ Kùngsfelden, Santt Claren ordens, in Costentzer bistuͦm gelegen, unsern gnedigen, lieben frowen ✳ einer, ✳ und der andern sit ✳ dem fromen, vesten Petern

742 1772 3328 129 von Griffense als von eins wechsels wegen, hernach gemeldet, ✳ ettwas zweyung gewesen, ✳ der si beidersit zuͦtz und uff uns ✳ des ersten zuͦ frùntschaft und nachmaln zuͦ recht ✳ komen sind. ✳

767 1760 3328 178 ouch wir uns der nach ir bett und begeren ✳ beladen ✳ und soͤlich ir zweyung von inen und irn worten inder frùntschaft und zuͦ recht beschechen vernomen und verstanden habēt, als hernach

761 1827 3328 154 kurtzlich gemeldet ist, ✳ namlich das in vergangnen jarn zwischent inen beiden teiln̄ und von unser frowen wegen durch die erwirdigen, wolgebornen frowen, frow Elsbeten graͤfin vō Lyningē,

742 1864 3359 160 der zit eptissin, und ir ratsfrowen domaln, ✳ ouch Uͦlrichen am Buͤl, der zit irm hofmeister und jetz pfruͦnder, anstatt derselben unser frowen ✳ ouch fùr sy, ir nachkomen und gotzhus zuͦ Kùngsfeld₎

749 1882 3370 178 und im, Peter von Griffense, ✳ fùr sich, sin erben und nachkomen ein ewig wechsel ufrecht und redlich beschechen ✳ und darin̄ und mitt im dem von Griffense von unsern frowen und irm gotzhus

761 1950 3334 141 disz hienachgenempten stuck und guͤter, ze Hapsburg gelegen, ✳ worden sient, ✳ mittnamen ✳ die guͤter, so ettwan der Engelman buwt ✳ und davon gab zuͦ zinsz drig mùtt, ein fierteil roggē un̄

773 1981 3328 165 funfzechen fiertel habern, sind pfand von Wolen. aber ein guͦt buwt Engelman und davor der Goͤssi, galt vierdhalben mùtt roggen und zwen mùtt habern. aber ein guͦt buwt er, der von Grif¬

767 2030 3297 153 fense, und davor der Maͤder und vor im der Spaͧt, galt nùn mùtt, ein fiertel roggen ✳ und sechs mùtt, drù fiertel habern. ✳ item ein acker buwt der Maͤder und davor der Goͤssi, galt fùnf fiertel

755 2042 3334 190 roggen, ✳ gehoͤrt nitt in die hoͤf. aber ein acker hatt ettwan Clewi Halderwanck, ✳ galt zwey fiertel habern, ✳ stost andes von Griffense halden. ✳ item und darzuͦ un̄ mitt ✳ disz hienachgenēpten stuck

767 2091 3334 184 und guͤter, die nitt in die hoͤf gehoͤrent. ✳ item ein acker uff der Eichhalden gelegen, ✳ hatt ettwan Hensli uff der Fluͤ, ✳ stost an des von Griffense guͤter. ✳ item ein acker nempt man die Eichhalden, ✳ ist

767 2195 3322 123 bi fùnf jucharten ungevarlich, stost anden bach hinusz. ✳ aber ein acker uff der Eichhalden, hatt vor der Engelman. ✳ aber ein acker hatten die vischer von Biralof, stost anden bach herin. aber

761 2177 3322 178 ein acker gelegen ussrent dem hag, ist ein juchart, stost anden weg, der von Hapsburg gon Scherntz gaͧt, ✳ und darzuͦ und mitt ouch alle die acker, ob deheiner mer funden wurd, so unser

792 2287 3315 117 frowen und ir gotzhus ze Hapsburg hetten, die in ander ir hoͤf und guͤter nitt gehorten. ✳ dise obgen̄ stuck und guͤter alle, ✳ als die uss des von Griffense zinsbuͦch, ✳ dar in er die, ✳ do der wechsel

773 2263 3310 190 beschechen sie, meint geschriben haben, ✳ herin geschriben sind, ✳ gehoͤrent in und zuͦ dem wechsel ✳ und sind ouch der zit dar in̄ und den darnach zetuͦnd wissen ✳ gewerdet fùr zechen stuck

767 2312 3334 190 gelts, ✳ doch die gultent dānenthin vil oder wenig, ✳ beruͦrte unser frowen und ir gotzhus nùtzit ✳ und darzuͦ soͤlten dieselben unser frowen fùr sich, ir gotzhus und nachkomen ✳ dem von

773 2422 3365 123 Griffense und sinen erben sechs stuck gelts geben und ersetzen, si ouch der nach billicher notdurft und als berett wurd, verwisen ✳ und inen, bisz das also beschaͤch, von ir und ir gotzhus zinse

767 2398 3334 190 und nùtzen jerlich usrichten ✳ dieselben sechs stuck gelts das jarzitampt zuͦ Kùngsfeld jetz von dem von Griffense verpfendt hat, ✳ nach sag der brief darub̄ gebn̄. ✳ ✳ und umb und fùr

773 2447 3328 178 soͤlich obgemeldet guͤter und gùlt ✳ hat der von Griffense fùr sich, sin erben und nachkomen unsern frowen, obgen̄t, zuͦ handen ir, ✳ ir gotzhus und nachkomen zuͦ Kùngsfelden in un̄ mitt

773 2484 3310 196 dem wechsel, obgemeldet, geben sechzechen pfund gelts uff und von der stùr des ampts im Eigen, wie sin vordern und er die bis dar in̄gehept, harbracht und genossen habent, ✳ die

767 2533 3297 190 dānenthin also zehabent, nement, nutzent und niessent ✳ ꝫcꝭ. ✳ und des wechsels immasz, als jetz stat, ✳ sind si beidteil einandern gichtig und darub̄ eins, sol ouch davon hinfùr, allweg

779 2649 3316 117 dabi bestaͧn und jetwedrer teil das, so im darin̄ als vor stat gevolget ist, ✳ haben, nutzen und niessen ✳ nach in̄halt des wechsels, aͧn alles bekrencken und widertriben. ✳ ✳ der von Griffense

773 2612 3340 203 meint ouch fùro wie unser frowen, obgen̄t, im, ✳ was si und ir gotzhus vom Hiltenspuͤl hinùsz, es wer die Buͦchhald oder ander holtz und feld, daselbs bisz an die rechten Eichhalden gehept, ✳ mitt

767 2668 3334 177 und zuͦ den egen̄ stucken guͤtˀn und gùlt im wechsel soͤltent geben, ✳ und er soͤlichs darub̄ und deshalben ✳ dahar als das sin ✳ in̄gehept, genutzet und genossen habn̄, ✳ ouch fùro tuͦn soͤllen ꝫcꝭ,

792 2772 3346 129 und getruwte ouch soͤlich in̄habn̄ und nutzen, ✳ ob das not wer odˀ wurd, fùrzebringen. ✳ dawider aber unser frowen von Kùngsfeld und ir amptlùt ✳ und namlich Uͦlrich am Buͤl, obgen̄t,

767 2821 3377 123 als der zit hofmeister und handler der sach retten und meinten, soͤlichs nitt sunder den wechsel, nitt witer, noch anders den̄ umb die obgemelten gichtigen guͤter, stuck und gùlt beschechē,

761 2790 3358 196 und soͤlich holtz und feld nach des von Griffense meynūg, ✳ dar in̄ niendert begriffen sin ✳ noch sin soͤllen. ✳ und als si dahar soͤlich, sin meynūg, vˀstanden, die si doch unbillich beduͦcht, ✳ habēt

792 2913 3352 123 si die allweg widersprochen und nach als vor soͤlich holtz und feld, als das ir in̄gehept und genossen, ✳ ouch dem von Griffense und den sinen ✳ das zeminen und darin̄ zehowen, do das an

773 2882 3346 203 si gelangte, ✳ gewert, ✳ das si ouch getrùwten, ✳ ob das not wer oder wurd, ✳ fùrzebringen und under vil und allen worten sind si dem von Griffense soͤlicher, siner meinūg und anvord¬

785 2931 3316 190 rung als vor, ✳ und dabi er ✳ ouch ✳ vor und nach bestuͦnd ✳ nitt gichtig ✳ und meinten darub̄ tuͦn mogen, ✳ das billich, ob das not wer oder wurd ꝫcꝭ. si beidteil sind ouch des stucks halb,

800.0 3036.0 3280.0 120.0 dahar und noch in zweyung gewesen, ✳ und der, wie vor stât, uff uns komen, ✳ hand ouch der sach halb vil worten, herin̄ all zemelden ✳ nitt notdurftig, ✳ gebrucht, ✳ wie und was jetweder teil

798 3097 3315 116 meint dar in̄ volgangen oder im angelegen. ✳ und under anderm meint der von Griffense, im von der und andrer siner hoͤltzer und guͤter wegen, ✳ so er alda hett, ✳ ein underscheids un̄

798 3146 3315 116 lùtrung und sunder, wie wit und ferˀ die Eichhald langte, ✳ und uns darub̄ aldar ✳ und uff die stoͤss, ✳ die eigēlich zesechent und erkunnēt, ✳ uns des fùro darin̄ zehalten und handlen,

792 3121 3284 184 wissen, ✳ zekomende ✳ notdurftig sin und begerˀt ouch des. ✳ das aber uns nach gestalt und zuͦsatz der sach ✳ und sunder nach dem sich die nach unsˀm verstan beslieslich zuͦ gicht oder

792 3238 3315 123 lougen ze gebent zoch, ✳ und uns ouch allein zuͦ recht zuͦsprechende zuͦstuͦnd und nitt zuͦ frùntschaft, ✳ sunder die abgeslagen und zuͦ recht uff uns, wie vorgemeldet ist, komē was,

798 3213 3291 184 nitt wolt beduncken notdurftig, ✳ mer unsern rechtspruch darub̄ ze gebent. ✳ und darin̄ und mitt zesprechen und lùtren, das uns nach zuͦsatz und gestalt der sach beduͤcht ✳ recht ✳ bil¬

798 3262 3352 178 lich und zetuͦnd sin. ✳ ✳ das wir ouch, also ✳ nach dem ✳ wir soͤlich ir sachen und zweyūg mitt worten, ✳ briefen ✳ und allem dem, so si darin̄ und derhalb sundˀ im rechten vor uns gebrucht,

798 3305 3352 178 dargelegt und gezoͤigt, ✳ eigenlich und zuͦ besliessen der sach ✳ gehoͤrt, ✳ getaͧn habent ✳ und daruf umb das stuck uns zuͦ recht, wie vor stât, zuͦgesetzt ✳ einhellenklich zuͦ recht gesprochē,

792 3305 3315 221 und sprechent also ✳ sidmaln unser gnedigen frowen von Kùngsfelden und ir amptlùt, obgen̄t, ✳ dem von Griffense soͤlicher siner anvordrūg umb das obgeschriben holtz und

798 3397 3272 166 feld, darin̄ gemeldet, ✳ nitt an ✳ sunder abred und ungichtig sind immasz, vor eigēlich geschriben stat, ✳ mogent si den̄ soͤlich ir wort, ob der von Griffense des begerˀt, ✳ und die suss nitt

804 3508 3315 110 gelouben, noch si des erlassen wil ✳ mitt irm glouben vor uns und des uns bedunckt zuͦ recht gnuͦg zesind, ✳ vestnen und irn glouben darub̄ tuͦn, ✳ und namlich also, ✳ das unser frowen,

785 3557 3334 104 die der von Griffense meint im ✳ den wechsel, als vor stat, geben haben, ist unser gnedig frow von Liningen, obgen̄t, der zit eptissin, ✳ ob die noch in vˀnunft und masz, das soͤlichs nach unserm

779 3526 3334 184 bedunck billlich ist, ✳ und die ratsfrowen, so der zit ✳ und bi dem wechsel gewesen und noch in leben sind, ✳ mitt irn warhaften worten, ✳ namlich bi ir gehorsami, wirden und eren, ✳ reden un̄ Uͦl¬

804 3643 3340 104 rich am Buͤl, obgen̄t, als der zit ir hofmeister ein eid liplich zuͦ gott und den heiligen sweren ✳ und si und er dabi und mitt ✳ beheben und reden, das soͤlich obgemeldet wort ✳ war ✳ und si des vō Grif¬

792 3630 3352 160 fense schuldgung und anvordrūg als umb das obgemeldet holtz un̄ feld ✳ unschuldig, ✳ also das im das im wechsel von inen nitt geben sie, ✳ damitt ✳ ob und wen̄ das also beschicht ✳ odˀ ob

792 3667 3315 166 der von Griffense si des erliesz, soͤllent unser frowen von Kùngsfeld ir gotzhus und nachkomen, ✳ ouch die iren obgen̄t von dem von Griffense umb den anzig gantz ledig un̄ soͤlich

804 3765 3315 123 sin anvordrūg hin und ab sin, ✳ ouch unser frowen, ir gotzhus und nachkomen zuͦ Kùngsfeld, soͤlich obgemeldet holtz und feld haben, nutzen un̄ niessen, als das ir ✳ und als vor disen zuͦ¬

816 3814 3328 117 sprùchen, aͧn des von Griffense, siner erbn̄ und nachkomen, ✳ ouch mengklichs von ir und der sach wegen ✳ sumen, irren un̄ insprechen und sol der wechsel nùtzit des minder sunder

804 3857 3334 123 allweg, wie vor stât bestaͧn, ✳ der von Griffense mog oder well si den̄ ✳ mitt kundtschaft, ✳ der dawider ✳ nach unser erkan̄tnisse zuͦ recht gnuͦg sie, ✳ andˀs underwisen und inē neͣcher ko¬

798 3913 3371 116 men, als recht ist, ✳ das und soͤlichs also in sechs wuchen und drin tagen den nechsten nach ùbergeben diser unser spruchbriefen und namlich so im der sin geantwurt ✳ un̄ vestnūg

792 3894 3358 178 der wort, wie vor stat, volzigen wirt, vor uns tuͦn mogen, ✳ sol behalten sin ✳ und damitt ob er soͤlichs also teͣt, ✳ oder ob unser frowen von Kùngsfeld, vorgenēpt, und Uͦlrich am Buͤl vest¬

798 3943 3352 172 nūg ir wort, ✳ wie vor staͧt, ✳ nitt tuͦn woͤlten, moͤchten oder taͤten, ✳ das er, sin erbn̄ und nachkomen ✳ damitt soͤlich vilgemeldet ✳ sin anvordrung ✳ und das holtz und feld, darin̄ begriffen sond,

804 3992 3346 172 behept habn̄ und ir sin ✳ aͧn unser frowen, ir gotzhus und nachkomen zuͦ Kùngsfelden, ✳ ouch mengklichs von ir wegen ✳ sumen, irren und insprechen. beschicht aber soͤlichs, als jetz staͧtt, ✳ nitt ✳ oder

810 4090 3334 117 der von Griffense suss davon laͧst, ✳ damitt hand unser frowen behept und bestât als vor staͧt, ✳ aͧn alles bekrencken und widertribn̄. ✳ ✳ und fùro als der von Griffense meint im andem end un̄

816 4084 3310 166 immasz, als vor stat, ✳ underscheid und lùtrūg notdurftig sin ꝫcꝭ, sprechen wir zuͦ recht, als vor, ✳ das soͤlich underscheid und lùtrūg ✳ mitt eim undergang nach lands gewonheit ✳ beschechen

816 4103 3346 196 soͤll, ✳ und das ✳ wederteil des undergangs also beger oder mein notdurftig sin, ✳ den andˀn teil darub̄ anvordˀn mog ✳ und der soͤll im des vˀvolgen und gestatten, ✳ ouch des zetuͦnd vˀbundē sin,

798 4225 3321 111 und si beidteil soͤllēt ouch den̄ darzuͦ tuͦn, als sich gebùrt, ✳ damitt der undergang nach der vordrūg im nechsten manot also bescheͣch, ✳ und was der, den̄ jetwedˀm teil gibt odˀ nimpt, ✳ un̄

816 4219 3322 166 namlich wie der beschicht und damitt underscheiden und gelùtert wirt, ✳ dabi sol es ouch dānenthin bestaͧn und beidteil fùr sich und als vor staͧt, ✳ halten, ✳ luter ân alle fùrwort, inzùg un̄

835 4311 3303 111 geverd. ✳ wer aber, das deweder teil ✳ den undergang, als jetz stât, zebeschechen nitt fùrdˀn, noch tuͦn, sunder den gevarlich vˀzichen hindern odˀ dar an sumig sin und nitt tuͦn woͤlt, als vor staͧt,

810 4360 3346 111 der soͤlt des engelten nach unser erkan̄tnisse alles ungevarlich. ✳ ✳ und disz unsers rechtspruchs hand wir, obgen̄ Ludwig Zechender, und Niclaus Fricker zwen gelich spruchbrief, jet¬

804 4409 3334 111 wederm teil einen, ✳ machen lassen und die mitt unsern angehenckten insigeln, ✳ des alles zuͦ warem, vestem urkùnd und bestandlicher sicherheit, ✳ doch uns, unsern erben aͧn schaden, ✳

822 4446 2690 190 offenlich versigelt geben uff fritag nechst ✳ nach santt Gallen tag ze herpst, nach Cristi gebùrt vierzechenhundert fùnfzig und acht jar

1792 4839 142 159 Zechendˀ

2861 4777 135 203 Fricker
