7360 4912
1760 552 3438 135 Ich, Hans Kilcher von Vilingen, vogt des ampts uff Boͤtzberg, beken̄ offenlich mitt disem brieff, ✳ das ich innamen und anstatt des edeln

1784 650 3402 99 und strengen herrē, her Marquarts von von Baldegg, rittˀs, hern zuͦ Schenkembˀg, mins gnedigen herˀn, ✳ ze Vilingē imdorff an offnˀ, frigē strasz

1788 708 3447 114 mitt offem, vˀbannē gericht offenlich zegericht gesessen bin uff mentag nechst vor mittēmeigen, nach Cristi gepùrt vierzechenhundˀt

1801 773 3434 98 fùnfzigundvier jar, ✳ und kamē in gericht, vˀfùrsprechet, als recht ist, ✳ der ersam Niclaus Fricker, jetz schulth̄s ze Brugg, ✳ anstatt Cuͦnrat

1780 814 3447 590 Widmers, pfruͤndˀs ze Kùngsfelden, und mitt sim gewalt uff ein, und uff die ander sit Uͦlman Wùl, burger ze Brugg. und offnet der jetzgen̄t

1764 884 3451 86 Uͦlman Wùl durch sinē fùrsprechen, wie das Hans Karli von Vilingen, sin swecher, selig, ein halben mùtt kernēgelts von Ruͦtschmā Tùfel vō

1784 937 3406 98 Rùfnach umb acht Rinsch guldin ze widerkouff gekoufft und gehept hett uff, von und ab einē acker ze Rùfnach, genan̄t der Gamliker, gele¬

1780 998 3414 103 gen zwischent des Bachlis, seligen, wingarten und des gotzhus von Wettingē guͤtˀn daselbs, ist ein juchart un̄ eigen, ✳ aber ein acker, ist

1784 1043 3418 103 ein halb juchart, nempt man den Anwandˀ un̄ gelegen ze Rùfnach, stost einer sit uff Hansz Schaffnˀs von Riniken acker, ✳ ist eigē ✳ und halb

1797 1105 3368 114 herzuͦ vergriffen, der andˀ halbteil des ackers ist Hansen Vischers, sins stiefsuns, und dem obgen̄ Niclausz Fricker in ein kouff um̄ ein mùtt

1788 1162 3369 106 kernēgelts von dēselbn̄ Hansen Vischer verhaft. ✳ derselb halb mùtt kernengelts, als jetz stat, ✳ wer Gerinē Karlin, sin ewip, un̄ in̄ vō ir

1788 1219 3382 103 wegen von demselbē Hansen Karlin, sinē swecher, selig, angeerbt ✳ und den hettent si nach guͤtˀ, zitlicher vorbetrachtūg durch ir nutz

1801 1256 3405 131 und notdurft willen fùr sich und ir erb̄n, namlich all ir recht daran und zuͦ mitt houptguͦt und zinsz, eins steten, vesten und ewigē koufs

1801 1318 3446 118 verkoufft und zekouffen gebē der erwirdigen frowen, frow Ursuln̄ von Mùlinē, klostˀfrowen un̄ jetz pflegerin des jartzitampts ze Kùngs-

1801 1391 3422 115 feld, zuͦhanden des selbn̄ jarzitampts umb sibn̄ Rinsch guldin, der si ouch darub̄ gantz bezalt und in ir nutz komen weren ✳ insoͤlichē

1797 1453 3336 110 worten un̄ gedingen, das Ruͦtsch Tùfel, obgen̄t, und nach im sin erbn̄ und nachkomen dem jetzgen̄ jarzitampt zuͦ Kùngsfeld und des

1797 1494 3381 135 pflegˀn, gegēwùrtig und kùnftig, ✳ den halbn̄ mùtt kernengelts uff, von und ab den obgen̄ ackern mitt aller ir rˀchtūg, harkomē un̄ zuͦ¬

1805 1567 3360 123 gehoͤrd, wie dˀ daruff erkoufft und dahar gebn̄ ist, ✳ hinfùr jerlich uff santt̄ Martins tag zuͦ rechtē zins und nach zins recht weren

1801 1625 3434 126 und gebn̄ und das jarzitampt und des pfleger den und all ir gerechtikeit darzû un̄ daran habn̄, nutzen un̄ niessen, ouch damitt

1809 1686 3401 131 tûn und lassen soͤllent nach irm willen als vil un̄ lang, bisz Ruͦtsch Tùfel, sin erbn̄ odˀ nachkomen den mitt acht guldin, Rinscher, wider

1813 1747 3369 119 abgekouffent, das si ouch hinfùr tuͦn mogēt, welichs jars si wellent, nach lands gewonheit. ✳ Rûtsch Tùfel ist ouch disz alles gichtig

1805 1792 3377 135 und sin will gewesen, doch inē der losung, als jetz stât, unvˀgriffen. und nach soͤlicher offnūg und vˀgicht des koufs ist ouch diser

1805 1862 3336 123 kouff ingericht mitt urteil und recht vollvertiget, vollfuͤrt und bestêt ✳ und nach sin, Uͦlman Wùls, entzichn̄ und ufgeben fùr sich,

1817 1927 3344 127 sin ewib und ir beiden erben an und durch min, des obgen̄ richters, hand und stab von gerichts wegen ingeantwurt und geben

1788 1960 3431 143 Niclausz Fricker, obgen̄t, anstatt und zuͦ handen des obgen̄ jarzitampts zuͦ Kùngsfeld und des pflegern, damitt als vor stat zetuͦnd

1809 2026 3406 159 und lassend, ✳ ouch des koufs also werschaft nach recht und ir notdurft versprochn̄ und hiewider niemˀ zekomēt, redent noch tuͦnd,

1821 2091 3353 152 sunder das alles war un̄ stet zehalten, alles inden worten und gedingen, so vor staͧnd. und beschach disz alles mitt aller sicherheit

1829 2144 3365 160 un̄ gewarsami darzuͦ gehoͤrent un̄ notdurftig und als das jetz un̄ hinfùr kraft habn̄ und stet blibn̄ sol und mag aͧn alles bekrenckē

1829 2222 3320 152 und widertribn̄, alles nach recht, sitt und gewonheit des gerichts und ampts uff Boͤtzberg ungevarlich. und sind hiebi ingericht

1821 2271 3332 156 und hierub̄ urteilsprecher gewesen die erbˀn Ruͤdi Karli, Lùti Giger, Ruͦtschman Stampfer un̄ Cuͦntz Steinhusz von Vilingē, Cuͦni

1829 2341 3386 143 Smid und Hans Sen̄ von Raͤmingen, Hans Birkingˀ und Fridli Mùsler von Stilli und andˀ. ✳ und des alles ze warē, vestē urkùnd

1817 2419 3385 122 hât dˀ obgen̄t min gnedig herˀ von Baldegg sin insigel von des gerichts, ir und minˀ bett wegen offenlich tuͦn hencken andisen

1817 2480 3377 168 brieff, der dem jartzitampt nach Niclaus Frickers muͦtūg also vō gericht zegeben erteilt ist und disz alles beschechn̄ des tags

1805 2570 626 156 und jars, als ob staͧt ꝫcꝭ.
