6379 4747
1412 450 3253 135 Ich, Lùti Furst von Vilingen, undervogt in Boͤtzberger ampt der herschafft Schenckenberg, ✳ bekenn offenlich mitt disem briefe, das ich zuͤ Brugg vor dem

1499 545 3166 91 Nidern Tor usz mit offem, vˀbannē gericht offenlich zuͤ gericht gesessen bin an statt der strengen, fùrsichtigen, wisen, minˀ gnaͤdigen herˀn von Bern ✳ und

1491 597 3150 99 von bevelhnisse des ersamen, wysen Benedict Haͤniggis, burgers zuͤ Bern und jetz ir vogtz ze Schenckenbˀg, uff donrstag vor santt Gallen tag, ✳ nach

1487 644 3162 99 Cristi geburt do man zalt vierzechenhundert sechzig und vier jar, ✳ und sich ingericht vˀfùrsprechet nach des gerichtz recht gestelt habēt ✳ die fùrnemē,

1472 684 3201 122 wisen Niclaus Fricker, jetz hofmeister, und Uͤlrich am Buͤl, althofmeister zuͤ Kùngsfeld₎, innamen, anstatt und mitt vollem gewalt ✳ der erwirdign̄, geistlichn̄

1479 747 3150 111 fröwen, aͤptissin und conventz ze Kùngsfeld₎, miner gnaͤdigen froͧwen, ✳ einer, ✳ und die erbˀn Werna Stilli, Uͦlrich Lener und Fridli Mùszler, all vō Stilli,

1476 799 3189 118 der andˀn siten. und offenten die jetzgen̄ Werna Stilli, Uͤlrich Lener und Fridli Mùsler durch irn fùrsprechn̄, wie das si nach guͦter, zitlicher vorbetrach¬

1472 858 3157 107 tung, gesuntt lips und guͦter vˀnunft irn bessern nutz damitt zefùrdern und schadn̄ ze wendn̄ fùr sich, ir erben und nachkōmen, mitt inen herzuͦ ver¬

1476 909 3173 107 bunden, ✳ inen, den genemptn̄ minen gnaͤdign̄ froͧwen und dem gotzhus ze Kùngsfeld₎ zuͤ ir und ir nachkōmen hand₎ und den gemeltn̄ Niclausen Fricker

1479 969 3143 99 und Uͦlrichn̄ am Buͤl ✳ von ir wegn̄ eins uffrechtn̄, redlichen, fryen und ewigen kouffs vˀkoufft und zekouffen geben hetten, ✳ gabent ouch ingericht ze¬

1468 1024 3193 95 kouffn̄ zwo matten, ✳ in Ital gelegen, ✳ mitt alln̄ irn nutzungen, rechtungē, harkom̄en und zuͦgehorden ✳ und mittnamen mitt den halden zuͤ beiden siten

1476 1075 3217 99 mitt dem holtz, ✳ wasser un̄ wasserrùnsen und allem, so darzuͦ gehoͤrt, als das von altˀ harkōmen und bracht ist, nùtzit usgenōmen, ✳ mittnamē eine, ✳ die obrest,

1440 1119 3225 111 die Hans Vischers, des mùllers, was ✳ und Werna Stilli un̄ Uͦlrich Lener von im erkoufft habēt, und abˀ die ander matte, die man nempt die Mittleste, ✳ die ettwā

1424 1166 3213 123 Heini Stillis und davor der Vischer ab Boͤtzberg gewesn̄ ✳ und von Heinī Stillin ✳ an si, Werna Stillin, Fridlin Mùsler und Uͦlrichn̄ Lener, zuͤ erbfal komē ✳ ist, ✳

1468 1234 3169 91 jegklicher sin teil und gerechtikeit an beiden matten, wie si die dahar inngehebt, gebrucht, genossen ✳ und von dem edl̄n, strengn̄ herˀn, hˀr Marquarten

1464 1289 3177 95 von Baldegg, ritter, den̄ zemal herˀn zuͤ Schenckenbˀg, zelechen empfangen, ✳ nach in̄halt der lechenbriefen, die si ouch den gen̄ minen gnaͤdigē froͧwē

1468 1341 3185 102 ùber ✳ und ingeantwurt und geben habent, ✳ alles fùr lechen der herschafft Schenckenberg, ✳ sind jetz min gnaͤdig herˀn von Bern. ✳ und sye der kouff zuͦ¬

1464 1396 3154 87 gangen und beschechn̄ umb hundert und vier guldin Rynschˀ, guͦter, gengˀ und gaͤber, dero si, die vˀkoͤuffer, nach ir vˀgicht vor mir und dem gericht

1468 1451 3165 103 offenlich beschechn̄ von inē, den gedachten minen gnaͤdigē fröwen ꝫcꝭ, in ir kunttlich nutz, ✳ gar und gantz usgericht und bezalt syent. und uff soͤlich

1468 1507 3154 95 offnūg und vˀgicht des kouffs ✳ von allen teiln vor mir, ingericht beschechn̄, ✳ stuͦnden si, die gen̄ vˀkouffer, Werna Stilli, Uͦlrich Lener und Fridli Mùsler,

1472 1542 3126 107 mitt irem fùrsprechn̄ ingericht, vollvertigoten, vollfuͤrten und bestaͤttoten disen kouff und vˀkouff in allen worten und gedingen, so vor stand, ✳ und

1468 1610 3126 98 brachten und gaben den ✳ und die gemelten zwo matten mitt ir rechtungen und zuͦgehoͤrd₎ als ob stat ✳ in und zuͤ handen und gewalt der obgen̄

1456 1661 3134 95 minˀ gnaͤdigen fröwen und gotzhuse ze Kùngsfeld₎ und Niclaus Frickers und Uͦlrichs am Buͤl, imnāmen und von ir wegn̄ und aller ir nachkomēn,

1472 1716 3134 99 und satzten si des in nutzlich guͦt, sicher, ruͦwig gewerd, ✳ die nuͦn hinfùr allweg innzehaben, zenùtzen, zeniessen und damitt zetuͦnd und lassent ✳ als

1479 1408 3166 463 mitt irem eignen guͤt, ✳ än ir, der vˀkoͤuffˀ, aller ir erbn̄ und nachkōmen, und mengklichs von ir wegen sumen, irren und insprechen, und entzechent sich

1468 1823 3157 103 ouch fùr sich, ir erbn̄ und nachkomen aller rechtūgen, vordrūgen und ansprachē, so si an denselbn̄ gemeltn̄ matten mit ir zuͦgehoͤrd₎, wie ob stat, ✳ ge¬

1464 1875 3173 95 hept hand ✳ odˀ hinfùr jemˀ mer gewinnen moͤchten. si gelopten ouch daruff fùr sich, ir erbn̄ und nachkomen disz koufs mitt den vor und nachgeschribnē

1468 1934 3181 103 gedingen ✳ den obgedachten minen gnaͤdigen fröwen und gotzhuse ze Kùngsfeldn̄ und irn̄ nachkomen rechte weren zesind und inen des guͦt, redlich, sicher, ✳

1456 1973 3154 115 volkōmen werschafft ✳ und was sich derhalb gepùrt nach recht zetuͦnd ✳ wo, ✳ wenn, ✳ wie, ✳ gen wem ✳ und als dick si dieselbn̄ koͤuffer des notdurfftig sind

1468 2037 3138 103 odˀ werdent, än ir, der gen̄ köuffer schadn̄, ouch dawidˀ, noch widˀ disen kouff und vertgung, wie vor und nach stat, niemˀ ze koment, ze redent, ze wer¬

1460 2084 3142 119 bent, zetuͤnd, ✳ schaffen, vˀhengen, noch gehelln̄ getan werden, sunder das alles wär, staͤt und vest zehaltn̄ und zevollfuͦren, und vˀzechent sich ouch

1468 2140 3154 110 daruff, wie vor stat, aller geistlichn̄ und weltlichn̄ lùten, gerichten, rechten, fryheiten, gnaden, geleiten, gebotten̄, uszùgen, fùnden und mittna¬

1456 2195 3122 115 men alles des, so jeman hiewider erdencken, fùrziechen, bruchen, das si, die vˀkouͤffer, dawidˀ geschirmē, behelffen odˀ gesin moͤcht, ùberal in eynich

1456 2001 3181 356 wise, all arglist, boͤsfùnd und geverd, herin̄ vˀmitten und hindan gesetzt. ✳ und beschach disz alles also vor mir, ingericht, mitt urteil un̄ recht an und

1464 2302 3173 115 durch min, des obgen̄ richters, hand, von des gerichtz wegn̄ ✳ mitt uffgebn̄, vˀzichen ✳ inantwurten und vertigen ✳ mitt mund, handen, worten, werckē,

1448 2357 3158 111 geberden und mitt aller sicherheit und gewarsami, darzuͤ gehoͤrent notdurftig, ✳ und als das jetz und hinfùr allweg krafft, macht und hantvesti

1456 2417 3150 106 haben, ✳ staͤt beliben und die gen̄ koͤuffer und ir nachkom̄en daran habent sin soͤllent un̄ moͤgent, gantz än alles bekrencken und widˀtribn̄, ✳ alles

1456 2464 3138 119 ungevarlich, und sind hieby ingericht und darumb urteilsprecher gewesen die erbern Hans Kilchherˀ, Cuͦntz Hofer, ✳ Fridli Haberscher, Uͤlli Zym¬

1452 2511 3185 119 merman und Werna Maͤni, von Vilingen, Hans Schaffnˀ von Rinikon, Hans Keͤnel von Lufar, ✳ Cuͦntz Wùlser von Lynn, Heini Bertschi von Rein und

1444 2567 3126 115 ander des gerichtz in Boͤtzberger ampt. und des alles zuͤ warem, staͤtē und vesten urkùnd hat der obgemeldet Benedict Haͤniggin, vogt zuͤ

1448 2614 3162 123 Schenckenbˀg, min liebˀ herˀ, sin insigel von des gerichts ✳ minˀ, des obgen̄ richters, ✳ und der vilgedachten vˀkoͤuffer, Werna Stillis, Uͦlrich Leners un̄

1452 2678 3185 110 Fridli Mùslers, ✳ bitt wegen, ✳ doch im, ✳ mir und unsern erbn̄ susz ànschadn̄, offenlich getan hencken an disen brieff, der den obgen̄ minen gnaͤdi¬

1452 2721 3177 135 gen frowen und gotzhus zuͤ Kùngsfeld₎ nach der vilgenemptn̄ Niclaus Frickers und Uͦlrichs am Buͤl, hoffmeistern, ✳ muͦtūg also vom gericht zegebn̄

1436 2769 1250 182 erteilt, und beschechen ist des tags und jars als ob stat. ✳
