7360 4912
1559 679 4188 213 Ich, Cuͦnrat Arnolt, der zit schultheis ze Brugg, obman und gemeineˀ in diser nachgeschribnˀ sach, und wir, Niclaus Fricker, altstattschribeˀ ze Bern,

1694 646 4057 303 und Claus Schmid, burger ze Brugg, beyd schidlûtt ouch in dirre nachvolgende sach, tund kund allermengclichem ✳ und verjechent offenlich mitt disem

1698 859 4061 152 brieff ✳ von der stoͤsz, spen und zuͦspruch wegen, ✳ so dan̄ entzwischent dem erwirdign̄ herrē, hern Pauli Herter, gardion, innamē sin und gemei¬

1702 925 4041 143 ner coventherren ze Kùngszvelden einhalb, ✳ und Hansen Wùlser von Lynn ✳ anderhalb, gewessen sind, ✳ harruͤrent als dan̄ der bemelt gardion in¬

1706 982 4020 147 namen des coventz vermeint, der genāt Wilser sige inen vierzehen guldin schuldig, harruͤrt von des Stollen, selign̄, wegn̄, der ein pfruͦnder ze

1698 1039 4053 156 Kûngsvelden gewessen ist, ✳ und aber der Wilsar meint, ✳ er hab die sum geltz dem Stollen, selign̄, vor langem bezalt, ✳ und meint, der selb gardion un̄

1715 1109 4048 155 und die covent heˀren von wegen des Stollen, seligen, ✳ syent im schuldig dryunddrissig tagwan̄ ✳ fûr yden insonders dry baselblaphart, ✳ was

1698 1170 4032 152 sich dz an rechnūg gepûrtt ✳ und dartzuͦ einen halben mutt kernēgeltz ✳ von dem mutt kernēgeltz ze Effingen. ✳ so dann die gemeltn̄ herren

1698 1223 4077 172 inniemē sind, ✳ der selb halb mutt kernēgeltz im von sins wibs wegen zuͦhoͤren sye, ✳ des aber der gardiō und die covēt herrē nit vˀmeinē.

1702 1293 4098 160 und nach soͤllicher beyder partyen fûrbringen und vˀhoͤrung der ansprachenhalb, mitt vil mer wortē harzuͦ gebrucht, die nitt not alle zever¬

1694 1363 4090 155 griffen sind, so syent wir darùber gesessen ✳ und habent sy in der mynn und gùtlicheit mitt offner taͤding ✳ beyder partigen wissen un̄ willen,

1698 1432 4065 139 nach dem sy ûns hartzuͦ beruͤfft und gebetten hand und zebeyder syten yettwedrˀ teyl fûr sich, ✳ sin erbn̄ un̄ nachkomē und namlich mitt

1698 1510 4077 139 dem gardion Ruͤdi Tuͤffel, schaffneˀ des bemeltn̄ coventz, ✳ dz zehaltn̄ gelopt habn̄ in min, des benāten obmans, hand den nachgelûtrottē

1621 1567 4158 148 spruch zehalten, darwider nûtt zetuͤnd ✳ oͧn alle wegernùsz. und uff das so haben wir einhelleclich gesprochen des ersten, das die vieˀ¬

1711 1629 3995 147 zechen guldin, ✳ so dann der gardiō innamē des coventz vˀmeint hat, der Wilser sye inen die guldin schuldig, ✳ des der Wilsar abred ist

1715 1702 3987 135 und meint aber der covēt syge im dry und drissig tagwō schuldig, alles wie oblutt, ✳ das die zwey stuck gegeneinander tod und ab

1723 1776 3962 123 und entweder teyl dem andern darub̄ nûtt schuldig noch zetuͤnd sin soͤlle. ✳ und von des halben mutt kernēgeltz wegen, als oblut,

1690 1854 463 127 sprechen wir,

2112 1837 86 95 dz

2149 1829 3532 139 der desz Wilsars, sins und ir erben halb nū hinfûr oͧn all ir ansprach, hindernusz und sperren dem gemelten

1670 1903 4085 139 covēt ingàn soͤlle, in allweg irohalb ungesumpt, ✳ und die fûnffthalben guldin, so Peter Schintznacher von Tentschbûren schuldig

1657 1968 4147 2952 ist, harruͤrt ouch von dem Stollen, selign̄, dem covēt zuͦhoͤren soͤllent ✳ und der Wilsar darzuͦ sin vˀmugen tuͦn, ✳ des er sich ouch wille¬

1690 2042 4061 147 clichen begebn̄ hat, ✳ das den selben herren die selben guldin geben und bezalt werdent, und soͤllent uff dz hiemitt umb die bemelten

1702 2112 4069 155 stuck und was sich davō gemacht hat gantz vˀricht, geschlicht und vereint sin, und dewederteyl dem andern, noch deheins erbn̄ oder

1702 2173 4082 172 nachkomē, ✳ noch niemā ander von iro wegn̄ umb soͤlliche bemelte stuck hinfûr niemˀ mer anvordrē, bekûmbern, noch bekrencken, mitt

1711 2255 4101 155 noch àne recht, susz noch so in keinen weg alles by der beruͤrtten gelûpt, ze urkund disz spruchs, so habn̄ wir, alle dry obman un̄ schudlût,

1711 2308 4036 172 nach des bemeltn̄ gardions begeren ûnser yeglicher sin insigel, ùns selbs, unsˀn erbn̄ àn schaden, offenlich gehengt an disen brieff ingezûgnûsz

1706 2476 4118 2231 der ding, der gebn̄ ist uff sannt Appolonia tag in dem jar, als man zalt von Cristi, ûnsers liebn̄ herren, gepurt vierzehenhundert syben¬

1698 2472 692 184 tzig unnd vier jàr ꝫcꝭ.
