6795 4565
821 920 3592 206 Ich, Hanns Arnold Segenser, herˀ zuͦ Habsburg, beken̄ offennlich mit urkûnd disz

905 1061 3546 163 briefs, ✳ das ich dry juchart acker zuͦ Bremgartn̄ uff der ebni gelegn̄, stoust an die

897 1171 3600 156 Rùshalden, an Hannsen Wùssen und an die landstrasz, Hannsen Swabn̄, burger

878 1251 3710 194 und gesessen zuͦ Bremgartn̄, zuͦ rechtem manlechen, von der egentn̄ hèrschafft wegn̄

875 1354 3568 186 darruͤrende, ✳ gelichen hab. ✳ lich im ouch das inkraft disz briefs, was ich ime von

878 1456 3603 183 recht oder gewonheit daran lichen sol und mag, die selbn̄ juchartn̄ acker hin-

886 1555 3553 183 fùr von mir zuͦ rechtm̄ manlechn̄ inn zehabent, zenutzent und zeniessent,

875 1658 3515 183 ouch da mit zetuͦnd und zelassent nach siner notturfft und mir und minen

863 1749 3554 191 nachkomen davon und damit gewaͤrtig dienstlich und gehorsam zesinde und

882 1856 3645 179 alles das zetuͦnd, das ein lehenman sinem lehenhˀrn und siner lehnen wegn̄ zetuͦnde

897 1955 3600 186 schuldig und pflichtig ist, ✳ doch mir und minen erbn̄ und nachkomen an der lehen

863 2042 3687 202 und manschafft in alweg ane schadn̄, alles nach soͤllicher lehnen und landsrecht, ✳ sitt

867 2145 3588 186 und gewonheit, das er ouch mir nach sag disz und mines gegenbriefs gelopt und

871 2240 3633 194 gesworen hat, mit urkùnd disz briefs, dar an ich, obgen̄ter Segenser, zuͦ urkùnd min

802 2343 3717 217 insigel ✳ gehenckt hab uff mentag nach sant Andres tag, als man zalt von Cristi

840 2449 2412 217 geburt tusent vierhundert sechtzig und acht jare.
