4800 6607
1730 1101 849 258 Königsf. 667

2011 1783 397 138 Staatsarchiv

2044 1882 347 226 AARGAU

1752 2428 1119 165 uff san̄tt Johan̄s tag ewangeliste anno iam incepto liiij

1757 2494 1103 121 hand min hnˀ von Wettingen, namlich min hnˀ der apt, im

1757 2538 1086 121 brieff benempt, ✳ her Elyas, prior, her Arnold, groskeller, her

1752 2428 1152 275 Niclaus Ortolff, schaffner Zùrich, ✳ und der schaffner vō Basel

1757 2626 1119 110 mir, Niclaus Fricker, altenhoffmeistˀ, un̄ Cuͦnrat Widmer,

1752 2428 1196 374 pfruͤndˀ zuͦ Kùngsfeld, uff das wir inen den brieff von Ludwig

1752 2703 1135 121 Zechendˀ umb die sibenhundtˀ guldin wisend, den inē min

1752 2752 1141 116 frowen mitt bezalūg der sibenhundtˀ guldin nach in̄halt

1763 2780 1097 105 disz briefs her usz gebracht, ✳ gebn̄ habent, ✳ mitt disem brieff

1769 2835 1157 105 gebn̄ ✳ zwen brieff, namlich ein ist latin und wist umb xxv ✳

1763 2868 1163 127 stuck gelts ze Lupfang un̄ Bir, wie gràff Ruͦdolff von Habsburg

1757 2901 1163 99 un̄ frow Gerdrut, sin gemachel, die den hnˀ von Wettingen

1752 2956 1179 88 ze kouffen geben habent ✳ ꝫcꝭ, der andˀ wist ein wechsel, ✳ so min

1746 2995 1196 93 frowen von Kùngsfeld mitt den hnˀ von Wettingen umb

1763 3044 1152 94 ein guͤt ze Bir gelegen und ein andˀs daselbs ✳ getàn habent

1757 3083 1147 104 nach des brieffs in̄halt. ✳ und des ersten brieffs anvang

1757 3132 1141 105 stât also: Rùdolffus comes de Habsburg ꝫ de Kiburg ꝫcꝭ.

1741 3171 1190 99 sin usgang, namlich das dat₎: ✳ act̄ ꝫ dat̄ in opido Brugge

1746 3264 1229 61 anno dnī m cc lxxo ✳ vij kal̄ febrꝭ indicꝭ xiiij. des andnˀ briefs

1752 3264 1174 105 anvang wist also: wir, Margret von Waͤching₎, eptissin. der

1735 3320 1202 132 usgang: gebn̄ ist am naͤchsten fritag vor pfingst₎, do man

1746 3358 1196 110 zalt von Cristi gepùrt tusent vierhundtˀ un̄ acht jar. un̄

1741 3408 1185 104 retten ouch daruff, si hetten noch wisten nūzemal dhein

1735 3446 1218 127 alten brieff mer, fund₎ si abˀ dheinē mer ✳ ùbˀ die guͤtˀ indisē

1746 3518 1218 104 kouff begriffen, woͤltēt si nach in̄halt disz brieffs herusz gebn̄

1746 3556 1158 132 un̄ soͤlt ouch darub̄ nach in̄halt disz briefs bestan und

1757 3606 1147 99 sundˀ bi dem artikel um̄ die alten brieff wisent ꝫcꝭ. un̄

1752 3655 1201 110 si soͤlten un̄ woͤlten ouch dem un̄ inallweg disem brieff

1757 3694 1218 110 erberlich un̄ redlich nachkomen, als billich wer ꝫcꝭ. des uns

1752 3749 1207 132 benuͤgt un̄ es dabi beibn̄ liessen ꝫcꝭ. zalten si ouch daruff,

1763 3793 810 220 was inē denocht bim kouff usstuͦnd ꝫcꝭ.

2435 3881 507 193 ✳ Nicolaus Fricker h̄

771 3088 408 248 ✳ K ✳

898 3264 281 215 ✳ D ✳ 65

540 3788 909 165 wist umb ettliche jaͤrlich zins

573 3870 920 149 im ampt Eig₎ ✳ zuͦ Byr und

595 3953 926 236 Schaͤrtz ✳ vō den hrr̄n vō Wetting₎

1239 4079 254 386 erkoͧfft

473 4162 722 303 Wetting₎ iij b br₎

2149 4503 138 127 Bir

2154 4558 237 149 Lupf₎ j

2154 4663 221 165 Scherntz
