4912 7360
890 2060 2376 221 Ich, Marquart von Baldegg, ritter, herˀ ze Schenkemberg,

1037 2214 2223 165 beken̄ offenlich mitt disem brieff, das ich uff siner dat

1025 2312 2302 141 Uͦlrich Lener von Stilli und sinen lechen erben ✳ den halbē¬

1037 2385 2241 160 teil einer matten mitt ir rechtūg und zuͦ gehoͤrd, gelegē

1056 2477 2179 141 in Ital, ist die obrest der driger matten, so der Vischer

1049 2563 2168 160 gewesen und lechen sind, ✳ und er und Werna Stilli

1056 2643 2265 166 hand die von Hansen Vischer, dem mùller von Rùfnach,

1062 2753 2186 148 gekouft und also ✳ geteilt, ✳ zù rechtem manlechen ge¬

1062 2821 2179 135 lichen hab und lich inen die, was ich inen daran vō

1056 2907 2204 129 und durch recht lichen sol, ✳ mag ✳ oder zetuͦnd hab, ✳ nach dē

1031 2986 2192 154 die matt von alterhar zelechen komen und gebracht ist,

1056 3078 2167 135 in̄zehabent, zenutzent, zeniessent und mir un̄ minē

1043 3152 2174 166 nachkomen hnˀ zuͦ Schenkemberg davon und mitt ge¬

1043 3232 2235 141 wertig, gedienstig und gehorsam zesind und tuͦnd alles

1056 3324 2216 129 das, so lechēman irm lechenhnˀ von ir lechnen wegen

1043 3416 2198 159 schuldig sind nach lechens und lands recht, sitt un̄ ge¬

1037 3502 2186 165 wonheit ungevarlich, des er mir ouch gesworn un̄

1049 3612 2094 135 ein gegenbrief gebn̄ hât. ✳ mitt urkùnd disz briefs, ✳

1031 3667 2180 172 mitt minē angehencktē ✳ insigel des zû urkùnd vˀsi¬

1037 3765 2174 160 gelt, gebn̄ uff donstag nach mittervasten, ✳ nach Cristi

1031 3888 1996 215 gebùrt vierzechenhundertfùnfzigundfùnf jar.
