5969 4759
475 567 3871 111 Wir, nachbenempten Peter von Wingarten, burgˀ zuͤ Bern und jetz vogt zuͤ Schenckenberg, ✳ und Cuͦnrat Arnolt, schulth̄s zü Brugg, ✳ bekennen und tuͤnd kuntt mengklichem

555 559 3799 170 mitt disem brieff, als dann etwas zweyung zwùschent den erwirdigen, geistlichen fröwen, aͤptisssin und conventt zü Kùngsfeldn̄, unsern gnädigen, lieben fröwen, ✳ einˀ, ✳ und

539 559 3859 222 der andern sit Uͦlrichen Leͣner, ✳ Fridlin Mùsler, Hans Stillin, Cuͦnratn̄ Birckinger und Fridlin Haberschër, den ferren von Stilli, ✳ gewesn̄ ist, von wegen den vischentzen daselbs

551 717 3843 103 zü Stilli. ✳ darumb dan̄ si, die jetzgenemptn̄ ferren, ✳ vormaln mitt den Eͣbin von Kilchdorff ouch langzitt in spaͤnn gewesn̄ sind, ✳ do jettwedrˀ teil ✳ und sunder die ferren meintē,

555 773 3815 99 dieselb vischentze gehorte inen und in ir vischentze daselbs, ✳ die si ir herschafft vˀzinsen und vˀdienen muͤsten ꝫcꝭ. und abˀ die Eͣbi meinten, dieselb vischentze gehoͤrte zuͦ dem

575 816 3791 104 guͤte zuͦ Froͤidnow, so von Hansen Freydinger, selign̄, an si komēn wer, ✳ dan̄ derselb Freydingˀ, selg, ✳ hette von dem Buͦsinger, selign̄, das guͦt zuͤ Froͤwdnow gelegn̄, namlich

563 864 3823 99 burg, bomgartn̄, ✳ garten, acker, matten, ✳ holtz, veld, wun̄ und weid, ✳ wasser, vischentzen, enhalb und diszhalb der Aren, mitt aller zuͦgehòrde gekoufft und wer im ouch das also

567 920 3827 79 gevertiget ✳ nach in̄halt der briefen, so den selbn̄ Eͣbin mitt dem selbn̄ jetzgen̄ guͦte vom Freydingˀ, selgn̄, in und zuͦ irn handen gebn̄ und worden sind, ✳ dasselb gemeldet guͦt zuͦ

579 971 3755 91 Froͤwdnow mitt der vischentzen und aller zuͦgehörd, als obstat, wie das vom Buͦsinger an Freydingˀ, selgn̄, und vom Freydingˀ an die Eͣbin kom̄en ist. ✳ die obgen̄ unser gnädig

579 1015 3795 91 fröwen, aͤptissin und convent zü Kùngsfeldn̄, ✳ an sich von den gen̄ Eͣbin erkoufft un̄ dieselbn̄ Eͣbi inen das also fùr sich, ir erbn̄ und nachkom̄en vˀkoufft und inē damitt die ob-

563 1066 3807 92 gemeltn̄ briefe darub̄, so inē, als ob stat, vom Freydingˀ, selgn̄, wordn̄ sind ✳ mittsampt dem obgemeltn̄ guͦte ùber und zuͦ irn hand₎ gebn̄ und inē das also zuͦ Fröwdnow under

559 1114 3823 91 der eschen ingericht gevertiget habent ✳ alles nach lut des vertgungbriefs, darumb vom gericht daselbs besigelt gebn̄. also das si, dieselbn̄ jetzgen̄ unser gnaͤdig frowen und

571 1169 3831 88 ir nachkom̄en zuͦ Kùngsfeldn̄ nuͦn hinfùr mitt demselbn̄ dickgen̄ guͦte ✳ tuͦn, ✳ lassen und werben sollent und mögent als mitt dem iren an mengklichs irren und sumen, das

579 1221 3815 79 si ouch also meinent zetuͦnd ꝫcꝭ. und mitt vil ergangnen worten beider teiln, ✳ witer zemeldn̄ nitt notdurfftig, ✳ solicher ir zweyung, die langzit mitt den obgenantn̄ Eͣbin un̄

571 1257 3756 103 jetz unsern gnädigen frowen, obgenantē, dahar gewesn̄ und also hierzuͦ kom̄en ist, ✳ hand si beid teil uns, obgemeltn̄ Petern von Wingarten und Cuͦnratn̄ Arnolt ,✳ in der

598 1296 3744 111 frùntschafft si darumb ze vˀeinen und ze entscheiden getrùwt, ✳ die sach uffgebn̄ und daby ✳ namlich unser gnädig fröwen, obgenantn̄, durch den ersamē, wisen Uͦlrich am

579 1344 3759 115 Buͤl, jetz irn hoffmeistˀ, fùr sich und ir nachkom̄en ✳ und die egenantn̄ ferren durch sich selbs, ✳ ouch fùr sich, ir erbn̄ und nachkom̄en bi guͦten trùwen gelopt und vˀsprochen

575 1392 3799 115 unsern spruch, so wir darub̄ tuͦn werden und tuͦnd, ✳ redlich zehalten und dem nachzekomend ✳ und dawidˀ niemˀ zeredend, zewerbēt noch zetuͦnd ineynich wise. und

575 1447 3819 103 wand aber die vorgen̄ ferren das var zuͦ Stilli von den dickgen̄ unsern gnädigen fröwen zü Kùngsfeldn̄ umb ein jerlichen zins, mittnam̄en vierzechen pfuntt hl̄lr,

583 1499 3803 103 uff jegklich fronvasten vierdhalb pfuntt davon zegebent, zuͦ eim erblechen empfangen habent nach innhalt der spruchbriefen, darub̄ gemacht und gebn̄, ✳ darumb und

590 1542 3784 111 uff ist unser spruch und entscheidung zwischent inen also des ersten, das die vilgenempten unser gnädig frowen, aͤptissin und conventt zü Kùngsfeldn̄, ✳ das vorge¬

583 1590 3783 111 meldet guͦt zuͦ Froͤidnow mitt aller zuͦgehoͤrd vischentzē und anderm, wie si das von den Eͣbinen erkoufft hand, ✳ denselbn̄ obgenantn̄ ferren, irn erbn̄ und nach¬

583 1633 3799 123 kom̄en ✳ zuͦ dem egen̄ var zuͦ Stilli, ✳ ouch ze einem rechten erblëchen vˀlyhen und die ferren das also von inen empfachen und das nuͦn hinfùr mittsampt dem var als

583 1669 3823 135 ir erblechen bruchen̄, nùtzen, niessen und sollent die ferren, ir erben und nachkom̄en den egen̄ unsern gnädigen fröwen, irm gotzhus und nachkom̄en zü Kùngsfelden davō

583 1733 3815 123 jeͣrlich zwei pfuntt haller ✳ zuͦ und mitt den obgeschribnē vierzechen pfunden vom var, uff jegklich fronvast zechen schilling und mitt den vierdhalb pfunden̄ geben un̄ zinsen.

586 1784 3752 127 item und gat vor ab dem vilgemeltn̄ guͦte ein mùtt kernē dem schadenmùller gen Baden. itm̄ ein schilling pfennīg gen Seckingen, ✳ so denn die stùr in das ampt. ✳ das

590 1836 3816 127 alles sönd die ferren jerlich ouch davon an die end, als jetz stat, usrichten und vˀzinsen und die gen̄ unser gnaͤdig frowen nùtzit beruͤren. ✳ und ob sich erfùnd das eynicherley

586 1883 3796 127 zinsen ùber das, so obstat, ✳ darab gieng, ✳ den odˀ dieselbn̄ zinsz söllent unser gnädig fröwen, obgen̄, ✳ ufrichten und abtragen ✳ und sollent also damitt das egen̄ var zü Stilli

590 1943 3772 107 und das obgenantt guͦt zuͦ Froͤidnow mitt aller zuͦgehoͤrd, vischentzen und andˀm, nùtzit usgenom̄en, wie das die vorgen̄ unser gnädig fröwen von den Eͣbinen erkoufft

594 1998 3748 99 hand, ✳ mitt und hinder einandˀn hafft gebundn̄, eins sin und zesamen gehoͤren und die ferren das unvˀscheidenlich nuͦn hinfùr, wenn si odˀ ir erben das nitt mer be¬

590 2054 3764 103 haben, sundˀ uffgebn̄ wellent, eins än das ander nitt, ✳ sunder mitteinandˀn und in guͦten, gewonlichn̄ bùw und eren uffgeben ungevarlich. und die genemptn̄ unser

590 2109 3776 99 gnaͤdig fröwen und ir nachkom̄en zü Kùngsfeldn̄ sönd ouch inen, den ferren, irn erbn̄ und nachkom̄en solicher vˀlychung des obegdachten guͦtz mitt den gedingen, so vor

598 2149 3780 123 stand, rechte weren ✳ und inen des guͦt, redlich, werschafft allenthalbn̄ und allweg zetuͦnd vˀbund₎ sin, ✳ und sönd ouch hiemitt beid teil die vilgenantn̄ unser gnaͤdig fröwen

590 2201 3772 87 und die ferren umb solich ir obgemeldet zweyung gantz gericht und vˀschlicht sin und die halten, inmasz und fùr als vor stat, ✳ alles luter, än boͤsfùnd, arglist und

614 2248 3744 2518 geverd. und des zewarem und vestē urkùnd habent wir, obgen̄ Peter von Wingarten und Cuͦnrat Arnolt, unsere insigel, doch uns und unsern erben änschaden,

586 2300 3760 146 offenlich gehenckt an diser briefen zwen, ✳ die von worten gelich lutent und geben sind uff samstag nechst nach dem heiligen ostertag, nach der gebùrt Cristi

590 2351 1345 167 do man zalt vierzechenhundertsechszig und sechs jare. ✳
