5461 4596
471 363 3411 203 Ich, bruͦder Johans Keller von Rapperswil am Zùrich See, ✳ beken̄ offenlich mitt disem brief, ✳ als den̄ die erwirdigē, geistlichē frowē,

532 451 3361 177 eptissin und convent ✳ ze Kùngsfelden ꝫcꝭ, min gnaͤdig frowen, ✳ umb gottes und miner ernstigen bett willen und sundˀ mir zuͦ

563 513 3311 157 fùrdrūg priesterlicher wirdikeit, die ich jetz fùrgenomen han, mitt hilf und gnad des almechtigen gots ze Rom daruf

563 547 3395 188 ze ervolgen die capell im Loupsberg, in der grafschaft Letzburg gelegen und irm gothus zuͦgehoͤret, ✳ gnedklich gelichē

555 612 3415 196 habent nach in̄halt ir briefs, mir darub̄ von inē geben. ✳ und wand nū unbillich und mir leid wer, ✳ das dieselbē min gneͣ¬

551 681 3449 180 dig frowen solicher ir gnaden jendert engelten oder davon ùtzit unkomlichs inē begegnen soͤlt, ✳ durch mich oder jemāt

559 731 3430 199 andˀn, wie sich das begeben mocht, ✳ darub̄ gelob und vˀsprich ich fùr mich und mengklichē von min und der sach wegē

571 808 3410 195 bi minē guͦtē truwen und wie das allerkreftenklichest bestan sol und mag ✳ die selben min gnaͤdig frowen, noch ir gotz¬

574 861 3415 196 hus zuͦ Kùngsfelden umb soͤlich obgemeldet lichūg der capel im Loupsberg, wie vorstat, ✳ noch derhalb umb einich sach

578 942 3407 172 nimer ✳ anzevordrent, anzesprechent noch zebekùmbˀent ✳ in einich wise, ✳ den̄ si mir ouch deshalbē gantz nuͦtzit schuldig

601 984 3376 207 sind, ✳ sunder mir soͤlich gnad und lichūg allein zuͦ fùrdrūg priesterlicher wirdikeit und die des fùro ze ervolgēt

571 1041 3491 215 getan habent, und sol si ouch nùtzit binden, ✳ sunder sol ich inē irn brief, mir der sach halb geben, ✳ widerub̄ geben ✳ wēn

601 1106 3457 215 si wellēt und si von mir diser sachhalb gantz ledig und unbekùmbert sin und blibē, jetz und hinfùr alllweg, ✳ alles

582 1175 3453 207 in kraft und urkùnd dis briefs, ✳ mitt des ersamen Niclausen Frickers, altē stattschribers ze Bern, angehencktē

590 1240 3410 219 insigel, fùr mich, uff min ernstig bett und mich damitt diser sach wissentlich ze bewisent ✳ brestēhalb eigens insi¬

571 1298 3479 253 gels offenlich, ✳ doch im und sinē erben aͧn schaden, ✳ versigelt gebē ✳ uff mittwuchē nach unser lieben frowen tag als

597 1413 2775 230 si geborn wart, do man zalt von Cristi gebùrt vierzechenhundertsibenzigunddrù jar. ✳
