5909 4706
1534 400 992 235 Königsf. 678 / 01

4661 545 129 2431 instrument umb Hensli Agters cedel umb uslegung Peter Segensers gùter ze Grenchen

1698 1062 2178 130 disz ist ein instrument darin̄ der spruch zwischent minen gnedigen frowen von Kuͤngsfeld

1726 1051 2162 160 des jarzitampts halb minen hnˀ von Münster und Hansen Trùllerey von Arow an einē und

1718 1168 2154 94 Hans Arnold₎ Segenser und Hans Heinrichen Roten am andnˀ teil durch junckher Hēman von

1722 1211 2150 118 Rùsegg, Rùdolfen von Luternow und Ludwig Zechender beschechn̄ ✳ und dar zuͦ und mitt der

1718 1266 2138 110 cedel ✳ darnach Hensli Agter von Grenchen ✳ die guͤter daselbs zù Grenchen ✳ dahar ✳ die spen̄

1718 1305 2170 122 ruͦrtent ✳ und Peter Segensers seligen gewesen sind ✳ angebn̄ und us bescheid₎ hāt und nach

1718 1372 2162 98 des in̄halt das ouch hinfùr bestan sol, als der spruch uswist ✳ geschriben stand. ✳ un̄ wand im̄

1726 1403 2185 126 derselb cedel im spruchbrieff nùt geschribn̄ stat, ✳ das aber gut und notdurft gewesen wer, ✳ den̄

1730 1478 2166 102 der cedel umb uslegung derselbn̄ guͤtn̄, als ouch der spruch meldet, zwen gewesen sind, ✳ der

1742 1513 2165 130 ein durch Henslin Agter nach in̄halt des spruchs un̄ als vor stat angebn̄ dabi es ouch bestan

1734 1572 2177 149 sol und dˀ ander durch Peter und Jenni ✳ Widmer angebn̄ dabi es nùt bestan, sundˀ ab sin sol

1734 1607 2275 169 darub̄ das man den̄ desselbn̄ Hensli Agters cedel ein glouphaft abschrift habn̄ un̄ ob es not weˀ

1726 1670 2197 149 odˀ wurd ✳ zoͤugen mog ✳ ist disz instrument und der spruchbrieff un̄ darzuͦ un̄ mitt Hensli

1722 1737 2225 114 Agters cedel von wort zuͦ wort darin̄ begriffen ✳ nach siner in̄halt und uswisung ✳ gemacht ✳

1734 1796 2201 153 und disz minen gnedigen frowen zuͦ Kùngsfeld un̄ irn amptlùten zuͦ kùnftigˀ undˀwisung der

1718 1870 695 141 säch ✳ also ✳ heruf geschriben ✳

494 1835 832 157 dis instrùment ✳ wist umb

490 1729 828 149 die guͤtter zuͦ Grenchenn

525 1600 777 168 so des Saͤgissers waren ✳

478 1466 793 204 und Henszly Agters bùwt

4437 1831 188 1082 ein instrùment umb die guͤtter zuͦ

4292 1870 200 757 Graͤnchen ✳ Saͤgissers ✳

3248 1882 302 157 xxv b

3299 1996 232 164 j p

3193 2109 102 142 v

922 1968 184 98 454

1804 2215 401 118 Staatsarchiv

1836 2302 318 200 AARGAU

2883 2203 397 416 K

2793 2796 573 215 K 23

3437 2341 204 768 Sùr unnd Grenchen
