6151 4774
891 437 3270 143 Wir, Lùpolt, von gottes gnaden herzog zuͦ Oͤsterrich und ze Stir, verjechen und tuͦn kund offenlich an disem

1114 541 3087 95 brief, ✳ das wir dem edeln Ruͦdolfen von Arburg umb den dienst, den er uns getan hät ✳ und noch tuͦn mag,

1121 608 3068 96 schuldig sin achzig marck silbers ✳ und haben im und sinen erben darub̄ versetzt die guͤter, die hernach ge¬

1125 668 3028 103 schriben staͧnd: ✳ ze Raͤmingen funfundzwentzig stuck von zinse und von zechenden, ✳ in Swendi sechs ✳

1106 728 3119 99 stuck an zinse, ✳ ze Raͤmingen und in Muͤntal von matten und von hoͤwzechenden vier pfund, in dem kilch¬

1102 799 3083 100 spel ze Reine sechs schaͧf, jeclichs umb drige schillinge vier pfennīg, ✳ uff dem Boͤtzberg ein halbes schaͧf,

1086 863 3139 99 das giltet zwenzig pfennīg, ✳ ze Gebistorf: Wernher inder Huͦbe ✳ zwey swin, ✳ Anna Pinnin Hofina zwey

1078 911 3171 111 swin, Cuͦnrat Abletten ein swin, Uͦlr̄ in Gassen ein swin, ✳ Spannagel ein swin, Berchtold an Kintzon

1090 970 3191 124 zwey swin, ✳ der giltet jegklichs zwoͤlf schilling, ✳ ze Baden: Bùrgi Koch ein pfund, zwen schillinge fùr fleisch

1094 1030 3139 119 und ein mùtt habˀn, ✳ der alten Meigerim lechen, das uns giltet acht schillinge, ✳ der sol im zwen schil¬

1110 1105 3147 112 linge, ✳ der nider zol uff dem wasser ze Baden fùr drù pfund, ✳ und sùllen sù die vorgen̄ pfand in̄habē, nutzē

1106 1177 3063 92 und niessen ✳ untz wir ald unser bruͦder alder erben sù von inen erloͤsen umb die selben achzig marck ✳

1090 1233 3155 131 silbers, ✳ wer ouch das sich jeman versezze und inen die zins und gùlt nitt richtent, ✳ die mùgent sù dar¬

1094 1288 3095 128 umb ✳ pfenden. ✳ und des zuͦ einem gezùge und urkùnd ✳ haben wir unser insigel gehencket an disen

1110 1356 3103 143 brief, der wart geben ze Brugge, an samztag vor santt Georien tag, do man zalt von Cristes ge¬

1106 1428 2156 123 bùrt drizechen hundert jar, darnach in dem drùundzwentzigisten jar.

1694 1698 2511 187 und wand mir, Niclausen Fricker, cleric Basler bistuͦms, von keiserlichem gewalt ein

1702 1798 2499 143 offner, gesworner notarii und schriber ✳ der houptbrief, in allen worten, so er als vor

1730 1861 2467 144 stat, wist, ✳ durch Cuͦnrat Widmer, pfleger des jarzitampts ze Kùngsfelden, in biwe¬

1734 1925 2539 143 sen der gezùgen, hernach genempt, ✳ gezoͤugt ✳ und von mir uff sin beger ✳ nach eigēlichē

1714 1977 2551 159 besechen an berment, an schrift und dem anhangenden insigel ✳ unargwaͤnig, ✳ sunder

1710 2052 2519 132 guͤt, ✳ gerecht und unbresthaft ✳ als er mir erschīnen, ✳ funden ist, ✳ ich ouch daruf vom

1714 2108 2487 127 Widmer von des genempten jarzitampts wegen, ✳ das ettlich gùlt und guͤter in¬

1718 2156 2459 119 dem brief begriffen und ze Gebistorf gelegen, von Wer̄her und Albrecht Mosern,

1718 2223 2503 140 nach in̄halt ir kouffbriefs gekouft habent und darub̄ meinent glouphaft abschrif¬

1734 2287 2427 127 ten vō houptbrief, vorgeschriben, notdurftig zesind ꝫcꝭ, ervordert bin dem jarzit-

1714 2343 2519 131 ampt und des pflegern soͤlich glouphaft abschriften mittnamen ein offen tñssūpt,

1726 2406 2511 116 abschrift und vidimus vō brief, uff berment in offner form des nach ir notdurft

1734 2466 2519 115 ze gebruchen, ✳ ze gebent, ✳ das ich ouch uff soͤlich ervordnˀ getan und han inen desselbē

1750 2530 2487 103 briefs ✳ dis offen transsumpt abschrift und vidimus durch min hand geschriben, ✳ das ouch

1734 2589 2459 96 mitt dem houptbrief nach eigēlichē collationieren und verhoͤren, darub̄ beschechen, von wort ze

1730 2641 2499 96 wort glich lutet, und wist uff berment indiser offnen form ✳ mitt minem gewonlichen zeichen

1738 2697 2459 91 und namen, hie underschriben und gezeichnet, ✳ geben ✳ in und zuͦ glouben und gezûgnisse di¬

1742 2756 2427 80 ser ding ✳ uff mittwuch nechst vor santt Martins tag im winter, do man zalt von Cristi

1726 2800 2487 96 gebùrt vierzechenhundert und sibenzig jar. ✳ und warent hiebi die ersamen Ludwig Raͧt-

1714 2848 2487 127 geb, Claus Keyserisen, der schmid, und Jos Schmid, der schuͦmacher, des raͧts und burger ze

1714 2900 1719 139 Brugg, gezùgen diser dingen und darzuͤ gebetten und beruͤft.

1328 2446 239 127 Nicolaus

1376 2534 179 135 Fricker
