7360 4912
1874 1064 3210 200 In nōie dn̄i amen. anno a nativitate eiusdē millesimo quadringentesimo qʼnquagesimoquarto indicōn secūda pontꝰ

2018 1191 3057 114 sanctissimi in xp̄o pr̄is ꝫ dn̄i nr̄i, dn̄i Nicolai, diʼna ꝓviden̄ pape qʼnti, anno sui regimīis sexto, die veˀ decima nona, mēs₎

2018 1252 3074 106 februarꝭ, hora quasi duodecima, in loco loquele, ubi ꝯniter expediūtur ꝫ trattentur cās mon̄ Campi Regis, sancti monialiū,

2022 1313 3070 95 ordinis Sancte Clare, Constan̄ diocꝭ, in mei notarii publici tamq̃ publice et attentite ꝑsone ac testiū subscʼptoꝝ p̄ntiū ꝑsonal̄r

2013 1375 3066 86 constituti ꝓvidus Uͦlricus Ambuͤl, ꝓcurator religiosaꝝ in xp̄o dn̄aꝝ, abbatiss₎ ꝫ ꝯventus mon̄ Campi Regis, p̄scʼpti, ex una et

2018 1420 3123 98 hon̄ vir, dn̄s Uͦlricus Bertschin, pb̄r ꝫ ꝑpetuꝰ vicarius ecc̄ie ꝑrochialis in Elffinḡn, Basilien̄ dioc̄ꝭ, ꝑtibꝰ ex alia. ip̄e dn̄s Uͦlricꝰ

2005 1481 3128 94 sanꝰ mēte et corꝑe ut apꝑuit nō vi coactꝰ nec metu inductꝰ neqƺ dolo aliqual̄r ut dicebat cʼcūventꝰ nō ꝑ errorē sƺ libere et spō¬

2001 1530 3123 95 te ex ip̄iꝰ certa et exp̄ssa scīa coram me, notario, et testibꝰ subscʼptꝭ, dixit, recognovit et confessꝰ est, ꝙ ip̄e p̄fatam eccīam Elffing₎

2018 1596 3115 90 sibi collatā pꝰ novā incorꝑatōem ꝑ predc̄m Uͦlricū Ambuͤl vice ꝫ noīe p̄dc̄aꝝ dn̄aꝝ, abbatiss₎ et ꝯventꝰ dc̄i mon̄, quaꝓpter iam dc̄e

2001 1641 3115 94 dn̄e, abbatiss₎ ꝫ ꝯventꝰ, ꝓ sustentōe ꝯgrua sibi tāquā vicario ꝑpetuo in redditibꝰ agmētare obligarentur, sicqƺ ꝓ augmētatōne sʼ

1973 1715 3192 81 caritative suꝑaddiderint quatuor maltera, due ꝑtes speltaꝝ ꝫ tertiā ꝑtem avenaꝝ in qua suꝑadditōe contentaret̃ ꝫ ulteriꝰ ꝑ se

2005 1756 3156 102 nec ꝑ aliū, quovismō p̄scʼptas dn̄as, abbatissā ꝫ ꝯventū dc̄i mon̄, adplus dandū g̃vare ac molestare non velle, sed firmiter ac fidel̄r

1993 1817 3189 86 om̄ia ꝫ sinḡla, que posita et scʼpta sūt in antiquo instrumēto de ip̄o narrant̃ corā me, notario publico, ꝫ testibꝰ de rato ꝫ grato ha¬

2001 1878 3099 90 bituꝝ ꝓnosse et posse dolo et fraude in hiis seclus₎. insuꝑ ip̄e dn̄s Uͦlricus ꝓmisit ꝑ fidem suam in manꝰ mei notarii suscʼpti vice et

1993 1932 3111 86 nōie, oīm ꝫ sinḡloꝝ, quoꝝ interest ✳ vel intererit ✳ sollemp̄r stipulante et recipien̄ p̄stitꝭ corꝑal̄r nōie iuram̄ti se ratū g̃tum

1993 1985 3127 82 atqƺ firmū ꝑpetuo habituꝝ totū id ꝫ ꝙʼꝙʼ de eo in antiquo instrum̄to etiā suꝑiꝰ p̄missȝ est renūciavit, quoqƺ dc̄us dn̄s Uͦlricus in

2001 2026 3128 106 ꝫ suꝑ p̄miss₎ exceptōi om̄i doli mali deceptōne cʼcūventōn ac metꝰ coactōn cuiꝰlƺ actōn in fc̄m bn̄ficiū restitutōn in integꝝ lr̄is

1989 2075 3123 119 gratiis iuribꝰ, p̄vilegꝭ, consuetud̄ibꝰ, ꝯstitutōibꝰ ꝫ statutꝭ, quibꝰcūqƺ editꝭ et edend̄ impetratꝭ et impetrand̄ a sede apl̄ica vel

1993 2149 3119 94 aliūde et spālr iuri dicenti gnˀalem renūciatōm nō valere om̄iqƺ iurꝭ auxilio canōici ꝫ civilis quibꝰ mediantibꝰ iuvari

2005 2194 3107 114 faceˀ vl̄ venire possint cont̃ ea, que in antiquo instrum̄to ꝫ p̄ntibꝰ lr̄is ꝯtinent̃ in toto vl̄ in ꝑte. adhibitꝭ in p̄miss₎ ōibus

1997 2255 3136 110 et sinḡlis vˀboꝝ ꝫ gestoꝝ sollēpnitatibꝰ debitꝭ et ꝯsuetꝭ et ut de p̄miss₎ unū vl̄ plura publicū seu publica ꝯficeˀm instēm seu

1981 2300 3164 131 instͧmēta idem ꝓmittens me, notaꝝ publicū, subscriptū requisivit. acta sūt hec anno indicōn pontificatꝰ mēse, die, loco, qʼbꝰ

1981 2361 3160 152 supra p̄ntibꝰ hon̄ dn̄o Cuͦnrado Zechender, pl̄bno in Schintznach ꝫ camˀario decanatꝰ Frickgaud̄, dc̄e Basilien̄ dioc̄ꝭ, et Nicolao

1989 2431 1756 168 Fricker de Brugg, Constan̄ dioc̄ꝭ, testibꝰ ad p̄miss₎ vocatꝭ ꝫ requisitꝭ. ✳

2775 2824 2485 184 Et ego Heinricus Tringer, pb̄r et decanꝰ ruralis Frickgaudꝭ, Basilien̄ diocꝭ, publicus auc̄te

2906 2951 2083 123 imꝑiali notariꝰ, quia dc̄aꝝ recognitōni, confession̄, ꝓmission̄, dictꝭ ratihabitōn

2926 3016 2043 111 om̄ibꝰqƺ et aliis singul̄ premiss₎, dum, sic ut p̄mittitur fierent et agerentur

2910 3074 2088 102 una cū p̄nōiatꝭ testibꝰ p̄ns interfui eaqƺ sic fieri vidi et audivi, iō hoc p̄ns

2922 3155 2059 95 publicū instrm̄ ꝑ me man̄ ꝓpʼa scʼptū exinde confeci et in hanc publicā formā

2906 3205 2096 143 redegi, hic quoqƺ me subscripsi, publicavi signoqƺ et nōie meo solitꝭ ꝫ ꝯsuetꝭ

2914 3274 1560 176 signavi, rogatꝰ et requisitꝰ oīm ꝫ singl̄oꝝ premissoꝝ.

2288 3123 163 135 H T

2153 3246 511 237 Heinrꝭ Tringer
