7360 4912
2018 503 3070 180 Ich, Hans Bluͦm der jung von Bir, vogt im Eygen, bekenn und tuͦn kuntt mengklichm̄ mitt disem brieff, das ich uff hùt siner

2075 618 2968 98 dat zuͤ Kùngsfeldn̄ vor dem closter von gnadn̄ und gewalt minˀ gnädigen frowen und von empfelhens wegn̄ des fromen̄,

2063 675 3004 90 wisen Uͦlrichs am Buͤl, ir hofmeisters zù Kùngsfeldn̄, mins liebn̄ herˀn, ✳ mitt offē vˀbannē gericht offenlich zùgericht gesessen

2058 716 2989 106 bin, und kament da fùr mich ingericht nach recht vˀfùrsprecht die erbern Ruͤdi Maͤder von Schertz an eim, ✳ und Cuͦnrat

2067 781 2980 90 Widmer, ein pfruͤnder, ✳ an statt und innamen der erbˀn, geistlichn̄ frow Annen Fundin, closterfrowen und jarzitmeistrin des

2063 830 2984 99 jarzitamptz zù Kùngsfeldn̄, zum andˀn teil. und offente do der erstgen̄ Ruͤdi Maͤder durch sin fùrsprechn̄, wie das er nach

2071 892 3041 98 guͦtˀ zitlichˀ vorbetrachtūg, gesuntt lips und mitt guͦtˀ vˀnunfft fùr sich und sin erben, ✳ irn nutz damitt zefurdern und schaden zewend₎

2054 925 3017 118 im, dem erstgen̄ Cuͦnraten Widmer, anstatt innamē und zù handen des erstgedachten jarzitampts und der jarzitmeistrin un̄

2067 982 2972 98 irn nachkōmen zü Kùngsfeldn̄ eins uffrechten, redlichen, fryen und ewigen koufs vˀkoufft und zekouffen gebn̄ hab. und gaͤb inen

2058 1035 2981 102 ouch also ingericht zekouffen ein mùlistatt, gelegn̄ zu Schertz, mitt aller ir rechtung, ehaffte, harkomēn und zuͦgehoͤrd, mitt

2054 1097 2980 110 wasser, wasserrùnsen und namlich dry mattbletz, lit eins in Schertzmatt, zwischent dem graben und Linggis mattē und stosst

2046 1154 3062 94 hinden bi dem graben an des Reygen Winckel Mattē. itm̄ das andˀ maͤttli lit oben an der Breiten und stost herusz an das Huppach¬

2067 1207 2996 102 erli. itm̄ so lit da dritt mattbletz oben im holtz im spitz, genant Mùllers Matt. itm̄ und das mosz oben an der gemeinē matten.

2058 1256 2997 107 und syen die jetzgen̄ mùlistat und guͤtˀ mitt ir zuͦgehord ledig und unbekùmbert eigen. und also sye der kouff zuͦgangen und

2071 1301 2963 127 beschechen umb viertzig guͦter Rinscher guld₎, dero er, der vˀkoüffer, von inen den kouͤffern in ir kunttlich nutz, ✳ nach sinˀ vergicht

2034 1371 3045 98 gantz usgericht und bezalt sye und uff solich offnūg und vˀgicht der koufs von beiden teiln beschechn̄, stuͦnd er, der obgenēpt

2046 1408 2964 110 Ruͤdi Maͤder, dar ingericht vollvertigot, vollfuͤrt und bestaͤtt disen kouff und vˀkouff in alln̄ worten und gedingen, so vor und

2058 1473 2981 107 nach stand, ✳ gab und bracht den und die vorgen̄ mùlistat mitt den guͤtˀn und ir zuͦgehoͤrd, wie vor stat, ✳ in und zuͦ hand₎ und ge¬

2050 1514 2972 111 walt des obgenemptn̄ jarzitamptz der jarzitmeistrin und Cuͦnrat Widmers von ir wegn̄ und irn nachkom̄en und satzt si des

2050 1563 3021 111 in nutzlich, ruͦwig gewerd, die nuͦn hinfùr in̄zehabent, ze nûtzent, ze niessent, ze besetzent und ze entsetzent und damitt zetuͦnd

2050 1625 3005 102 lassent und ze werbent, als mitt dem iren, nach irem willn̄ und gevalln̄, än ir, der vˀkouͤffer, ✳ aller irˀ erbn̄ und mengklichs von

2063 1678 3012 118 ir wegn̄ ✳ sumen, irren und insprechen und entzech sich ouch fùr sich und sin erben aller rechtung, vordrūg und ansprach, so er, Ruͤdi

2050 1731 2972 98 Maͤder, und sin erbn̄ dahar daran gehebt hand, ✳ odˀ hinfùr jemˀme daran gewinnē moͤchten. er gelopt ouch daruff fùr sich und

2075 1780 2972 98 sin erben disz koufs und vˀkoufs, wie vor stat, den obgen̄ koͤuffern und irn nachkom̄en rechtˀ weͣr zesind und inen des guͦt red¬

2054 1850 3030 86 lich, sicher, volkom̄en, werschafft und was sich derhalb gepùrt nach recht zetuͦnd, ✳ wo, wenn, ✳ wie, gen wem und als dick si die koͤuffˀ

2046 1887 2968 98 des notdurfftig sind odˀ werdet̄, und ouch dawidˀ, noch widˀ disen kouff und vertgūg, wie vor und nach stat, niemˀ zekom̄ent,

2050 1952 2984 94 ze redent, zewerbēt, zetuͦnd noch schaffen getan werden, sundˀ das alles war, steͣt und vest zehaltent, und entzech sich ouch daruff

2071 1997 2963 90 fùr sich und sin erbn̄ aller schirmen, ✳ hilff, ✳ fryheiten, gnaden, geistlichˀ und weltlichˀ lùten und gerichten, und mittnamē alles des,

2038 2058 2992 95 so jemant hiewidˀ zeschirm erdencken, gesuͦchen, fùrziechen, ✳ werben odˀ getuͦn koͤnd, das si hiewidˀ behelffen ✳ und inē den koͤuffern

2067 2120 2951 94 schaden bringen odˀ beren moͤcht ùberal in eynich wise ungevˀlich. und beschach disz alles also ingericht mitt urteil und rechtt,

2063 2181 2959 74 an und durch min, des obgen̄ richters, hand von des gerichtz wegn̄ mitt uffgebn̄ vˀzichen, in antwurtn̄ und vertigen mitt mund,

2067 2222 2967 90 handen, worten, wercken, geberden und mitt aller sicherheit, hantvesti und gewarsami, darzuͦ gehoͤrent notdurfftig und als das

2058 2275 2993 99 jetz und hienach allweg guͦt crafft und macht haben, staͤt beliben und die koͤuffer und ir nachkom̄en daran habent ✳ und daby

2042 2325 3009 90 bestan sol und mag, än alles bekrencken und widertriben, alles nach recht, sitt und gewonheit des gerichtz im Eigen ungevˀlich.

2046 2382 3009 98 und sind hieby inngericht und darumb urteilsprecher gewesn̄ die erbern Henszli Strebel, Heini Zȳmerman, Clewi Vischer, Uͤlli

2050 2435 3005 86 Swander, Heini Waͤchter, Heini Smid, Henszli Lang, Clewi Komler, Heini Mùnch, Hans Zuͦlouff, Heini Reyg, ✳ Hans Reyg und ander

2030 2480 3041 90 erber lùt gnuͦg des gerichtz im Eygen. und des alles ze warem und vestē urkund hat der from̄, wisz Cuͦnrat Arnolt, schulth̄s

2042 2537 3001 86 zuͤ Brugg, sin eigen insigel von bekanttnisz des gerichtz und minˀ bitt wegen, doch im, mir und unsern erbn̄ susz in alle

2042 2586 2988 91 weg änschaden, offenlich getan hencken an disen brieff, der dem dickgen̄ Cuͦnrat Widmˀ anstatt innamē und fùr, als

2034 2640 3000 143 vor stat, uff sin muͦtuḡ ze gebn̄ erteilt und beschechen ist uff mentag nechst nach mittervasten, nach Cristi gerpurt, do

2038 2697 1253 131 man zalt vierzechenhundertsechszigund sechs jar. ✳
