7360 4912
1424 650 4138 135 Ich, Hans Wolleb von Lupffen, vogt des ampts im Eigen, beken̄ offenlich mitt disem brieff, das ich innamen und anstatt der erwirdigen minˀ gnedigen frowen,

1457 757 4065 82 eptissin und cōvents zuͦ Kùngsfelden, von heissens wegen des ersamen, wisen Niclausz Frickers, jetz ir hoffmeisters, ✳ ze Windisch im dorff an offnˀ, fryen strasz mitt offem,

1465 814 888 90 verbānē gericht offenlich ze gericht

2329 785 69 86 bin

2353 630 3214 270 gesessen uff sun̄etag ze mittervasten, nach Cristi gepùrt do man zalt vierzechenhundertfùnfzigunddrù jar, ✳ und kaͧmen daselbs

1457 863 4040 98 ingericht, vˀfùrsprechet, als recht ist, die erbnˀ uff einsit Cuͦnrat Widmer, pfruͦnder und jetz amptman des jarzitampts zuͦ Kùngsfelden, an statt der erwirdigē miner

1457 929 4069 86 gnedigen frowē, frow Ursulln̄ von Mùlinen, klosterfrowen und pflegerin desselbn̄ jarzitampts, ✳ un̄ uff die andˀsit ✳ Heini Komler von Windisch. und offnet derselb Heini

1477 978 4008 98 Komler durch sinen fùrsprechn̄, wie das er von der jetzgen̄ miner frow von Mùlinē von ir ampts wegen acht Rinsch guld₎ bar ingenomen, und hett ir darub̄ anstatt

1457 1031 4089 98 und zuͦ handen des jarzitampts eins steten und ewigen kouffs recht und redlich verkoufft und zekouffen geben, gab ouch also ingericht Cuͦnrat Widmˀ an ir und des

1469 1088 4036 94 ampts statt ze kouffend ein matten, gelegen ze Windisch indem dorff under Ruͤdi Snellmans husz bi der strasz hinab, und ruͤrt einsit an Ruͤdi Snellmans mattē, andˀsit

1457 1142 4077 98 an die strasz und aber den̄ uff die andern sit uff des Snellmans un̄ Heini Geislers garten, der zuͦ der herberg ze Windisch gehoͤrt, ✳ mitt aller ir rechtūg un̄ zuͦgehoͤrd fùr

1481 1203 4012 86 fry, ledig eigen bisz an den zechend₎, ✳ damitt zetuͦnd und lassend als mitt irm eignen guͦt, ✳ alles fùr sich und sin erben. ✳ und der Widmer, jetzgen̄t, hàt ouch anstatt und

1490 1248 4072 102 fùr als vor stat ✳ im, dēselbn̄ Heinin Komler, zuͦ hand₎ ✳ sin selbs, siner erbn̄ und nachkomen dieselbn̄ matten mitt ir zuͦgehoͤrd zum erb gelichen umb zwey fiertel kernēgeltz,

1485 1318 4073 102 ewigs, die er, sin erbē und nachkomen hinfùr alle jar je uff santt̄ Martins tag zuͦ rechtē, ewigē zinsz dem jarzitampt zuͦ Kùngsfeld, obgen̄t, un̄ sinē pflegern davō

1494 1371 4064 98 geben, ✳ die matten in eren habn̄ un̄ in allweg davon un̄ mitt tuͦn soͤllent nach zinsz und lands recht, ✳ sitt un̄ gewonheit ungeverlich. und uff die offnūg un̄ vˀgicht

1477 1432 3975 94 diser sach, als vor stat, wand si beidteil des also ingericht gichtig waren und daruff den kouff mitt recht begerten zuͦbestetigen, ouch das zum rechten satzten, ✳

1477 1485 4094 111 fragt ich, obgen̄ter richter, urteil umb ✳ un̄ wart uff den eid nach miner urfrag mitt einhelliger, gesamnotˀ urteil im rechten erken̄t un̄ gesprochn̄, ✳ Heini Komlˀ,

1518 1559 4016 94 obgen̄t, soͤlt sich des kouffs un̄ der matten, als vor stàt, lidklich entzichn̄ un̄ an min hand als eins richtˀs un̄ von des gerichts wegen uffgebn̄ fùr sich un̄ all

1514 1612 4003 94 sin erben, und den̄ soͤlt ich die antwurten, vertigen un̄ ingebn̄ zuͦ hand₎ Cuͦnrat Widmers an statt und zuͦ hand₎ des jarzitampts zuͦ Kùngsfeld un̄ siner

1518 1678 4032 94 pfleger, gegewùrtig un̄ kùnftig, und damitt soͤlt ouch die lichūg der matten in den obgen̄ worten bestaͤn. ✳ disz alles, ✳ uffgebn̄, vˀzichn̄ und in antwurtē, als

1485 1735 4082 102 jetz stat, beschach also nach in̄halt der urteil mitt mund, hand, wortē, wercken un̄ namlich mitt aller sicherheit un̄ gewarsami darzuͦ gehoͤrēt odˀ notdurf¬

1485 1796 4057 103 tig, immasz, das aber nach miner urfrag mitt einhelligˀ urteil uff den eid erteilt wart, ✳ das es immassz beschechn̄ wer, ✳ das es billich kraft, macht un̄ hand¬

1506 1862 4016 94 vest haben, steͣtt blibn̄ un̄ das jarzitampt un̄ sin pfleger daran habent sin un̄ dabi bestaͧn, ✳ ouch Heini Komler fùr sich un̄ sin erbē des koufs un̄ vert¬

1506 1919 4052 103 gung der matten fùr fri, ledig eigen bisz anden zechend₎ rechter wer sin un̄ darub̄ guͤt, sicher werschafft, wo un̄ als dick sich das geburte, ✳ tuͦn, ✳ un̄ ouch

1481 1964 4057 111 damitt bi dˀ lichung un̄ empfachung, alles inden worten und gedingen, so vor stand, blibn̄ soͤlten, ✳ alles nach des gerichts un̄ ampts recht im Eigen

1485 2042 4061 94 aͧn alles bekrencken und widertribn̄ ✳ luterlich aͧn alle geverd. und sind hiebi ingericht gewesen un̄ des gezùgen die erbˀn ✳ Heini Zymˀman, Heini Meigˀ

1502 2095 4040 99 der alt, Hensli Beck, Hēman Meigˀ von Lupffen, Heini Hofer von Scherntz, Hans Zuͦlouff von Mùlinen, Cuͦntz Snellman von Windisch und ander erbˀ lùt

1502 2161 4007 94 vil und gnuͦg. ✳ und wand nū dem obgen̄t Widmˀ zuͦ hand₎ des jarzitampts hierub̄ brieff un̄ urkùnd vom gericht zegeben erteilt wart un̄ abˀ disz

1510 2218 4057 102 sach min gnedigē frowē und ir gotzhusz zuͦ Kùngsfeld anlangt ✳ und darub̄ ze merˀ sicherheit ander insigel den̄ ir hoffmeisters hieran begerten, darub̄ han

1510 2271 4093 119 ich, obgeñter richter, ✳ als mir ouch das mitt ein helliger, gesamnotˀ urteil uff den eid ✳ wol tuͦn mogen ingericht erteilt wart, ✳ erbetten den ersamen Heinrich

1498 2341 4028 106 Smid, schulth̄n ze Brugg, das der, des alles ze warem, vestē un̄ ewigē urkùnd, sin insigel fùr mich, bresten halb eigens, ✳ von des gerichts un̄ ir bett wegen,

1494 2398 4052 172 doch im un̄ sinē erb̄n aͧnschad₎, offenlich nach bekan̄ter urteil gehenckt hât andisen brieff, der gebē un̄ disz alles beschechn̄ ist des tags un̄ jars, als vor¬

1514 2464 107 176 stàt. ✳
