6555 4832
1015 636 3916 129 Ich, Cuͦnrat Widmer, pfruͦnder ✳ ze Kùngsfelden, ✳ beken̄ offenlich mitt disem brieff, das ich uff mentag nach dem heiligen ostertag, nach Cristi gepùrt vierzechenhundertfùnfzigun̄ vier

1128 724 3803 81 jar, ze Kùngsfeld vor dem kloster an offner, frigen stras und gewonlichen richtstatt mitt offem, vˀbannem gericht offenlich zegericht gesessen bin anstatt der erwirdigen minˀ gnedigē frowen von

1120 765 3791 92 Kùngsfeld und von heissens wegen des ersamen Heinrich Sagers von Bremgarten, ir hofmeisters, von ir wegen, ✳ den̄ derzit der vogt des ampts im Eigen nitt zuͦ gegen was, ✳ ✳ und kaͧmen fùr mich un̄

1124 817 3835 89 das gericht der jetzgen̄t min herˀ, der hofmeister, und Hensli Bitterkrut, burger ze Brugg, jetwedrˀ einer sit und stalten sich mitt fùrsprechen nach recht. ✳ und Hensli Bitterkrut offnet durch sinē fùrsprechē,

1128 857 3843 89 wie das er und Margret Stapferin, sin efrow, ✳ hetten zwen mùtt kernēgelts uff, von und ab der mùli ze Mùlinen, werent ir eigen und inē nach abgang Uͤli Stapfers, wilent burgers ze Brugg, sins swechˀs,

1128 906 3779 80 seligen, ✳ gelangt und zuͦ gesprochen nach in̄halt des briefs darùbˀ geben, ✳ die hett er und die genempt sin efrow mitt aller rechtūg und zuͦgehoͤrd und namlich all ir gerechtikeit daran und zuͦ nach in̄¬

1075 950 3864 84 halt des jetzgemeltē briefs ✳ nach guͦtˀ, zitlicher vorbetrachtūg, gesund lips, vˀnunft und der synnen, er mitt ir und si mitt im als irm elichen vogt fùr sich und ir beider erben unvˀscheidenlich ✳ eins steͣtē,

1063 994 3860 81 vesten und ewigen koufs verkouft und zekouffen geben ✳ und er gab ouch also ingericht recht und redlich an ir beidˀ statt ze kouffen ✳ dem egen̄ minē hˀn, dem hofmeister, an statt und zuͦ handē der

1128 1038 3779 89 genempten miner gnedigen frowen, eptissin und convents zuͦ Kùngsfelden, zuͦ handen ir gotzhus, ir selbs und ir nachkomen ✳ umb drissigundsechs guldin, Rinscher, der er und sin efrow von dē

1132 1087 3751 88 selbē minē gnedigen frowen und dem hofmeister an ir statt in irn kuntlichen nutz gantz bezalt sient. ✳ ✳ und nach soͤlicher offnūg und vergicht, ✳ von beiden teiln darub̄ ingericht beschechn̄, ✳ ✳

1039 1115 3948 117 satzt der selb Hensli Bitterkrut durch sinen fursprechen uff und zuͦ recht und urteil, ✳ wie er nū an statt sin selbs und der genempten sinˀ efrowen ✳ den kouff und die zwen mùtt kernengelts immasz,

1120 1183 3763 89 als vor stàt, ✳ vertigen und bringen soͤlt zuͦ handen des obgen̄ mins hˀn, des hofmeisters, an statt und zuͦ handen ✳ miner gnedigen frowen, ir gotzhus und nachkomen zuͦ Kùngsfeld, das si daran

1120 1228 3779 104 habent werent jetz und zuͦ kùnftigē ziten, ✳ die in̄zehabend, zenutzent, zeniessent und in allweg damitt ze tuͦnd und lassent ✳ als mitt irm eignē guͦt. ✳ und darub̄ wart nach minˀ urfrag ✳

1120 1276 3807 93 von den urteilsprechern einhellenklich erteilt und zuͦ recht gesprochen, er, derselb Hensli Bitterkrut, soͤlt sich des koufs und der zwein mùtt kernengelts, als vor stàt, ✳ fur sich, die genemptē

1132 1328 3783 89 sin efrowē und ir beider erbn̄ an min, des obgen̄ richters, hand ingericht un̄ von des gerichts wegen ✳ enzichen und lidklich ufgeben ✳ inden worten, das ich den̄ soͤlichs ingebn̄ un̄ antwurten soͤlt in

1128 1385 3807 76 hand un̄ gewalt mins hˀn, des hofmeisters, anstatt, zuͦ handen und gewalt ✳ minˀ gnedigen frowen, ir gotzhus und nachkomen zuͦ Kùngsfeld, damitt als vor stat zetuͦnd und lassend. ✳ disz alles beschach

1136 1433 3819 81 nach in̄halt der urteil ✳ mitt aller sicherheit und gewarsami, dar zuͦ gehoͤrent und notdurftig, und also verˀ, ✳ das aber nach minˀ urfrag mitt einhelliger urteil als vor ✳ erteilt und zuͦ recht gesprochē

1116 1473 3815 89 wart, ✳ das soͤlichs immasz beschechn̄ und volgangē wer, ✳ das es billich jetz und hinfùr ewklich kraft, macht und handveste habn̄ und stet blibn̄. ✳ Hensli Bitterkrut un̄ sin efrow soͤlten ouch des

1124 1530 3807 84 koufs, wie vor stàt, fùr sich und ir erben nach recht weren sin und des guͤt, sicher werschaft tuͦn, wo, wen̄ und als dick min gnedig frowen, ir gotzhus un̄ nachkomen der notdurftig weren odˀ wurd₎,

1124 1570 3791 97 alles nach recht, sitt und gewonheit des gerichts und ampts im Eigen. ✳ soͤlichs er, der genempt Hensli Bitterkrut, ✳ ouch in gericht nach in̄halt der urteil ✳ fùr sich un̄ als vor stat gelopt un̄ vˀsprach

1120 1622 3795 97 und hiewider noch wider dehein vor noch nachgemeldet ding noch geding ✳ niemer zekoment, zeredent, zewerbēt, zetuͦnd, schaffen, verhengen noch gehellen getàn werden ùberal indehein

1128 1671 3799 104 wise. ✳ er, der dickgen̄t Hensli Bitterkrut, hàt ouch den obgemelten spruchbrieff umb die zwen mùtt kernēgelts minē frowen hiemitt ✳ mitt aller gewaltsami und rechtūg ùber un̄ ingebē. un̄

1128 1723 3783 101 als die zwen mùtt kernengelts ✳ frow Elsen Meigerin von Brugg mitt andˀn des Bitterkruts guͤtˀn umb soͤlich zinsz und houptguͦt, ✳ darub̄ er den̄ Cuͦntzman Wirt, irn vatter, selig, verbrieft, ouch der

1140 1759 3791 109 selb Cuͦntzman, ir vatter, selig, die zwen mùtt kernengelts an sich geloͤst und gezogen hatt ✳ ꝫcꝭ, ✳ davon ist die selb Meigerin gestandē, ✳ den̄ ir ouch von den drissigundsechs guldin, darub̄ diser kouff, als vor

1140 1816 3791 112 stat, beschechn̄ ist, ✳ vorab gevolget sind zwentzig guldin, damitt ir vatter die an sich gezogen hatt, ✳ als vor stat ✳ und daruf hat ouch si, die selb Meigˀin, ingericht mitt hand und gewalt des ersamē

1120 1856 3851 121 Uͦlrich Grùlichs, schulthn̄ zuͤ Brugg, ir vogts, ✳ inbiwesen Cuͦnrat Bugglis, ir tochtermans, ✳ fùr sich, ir kind und erbn̄ ✳ disen obgemelten kouff verwilget ✳ und sich aller vordrūg, recht un̄ ansprach

1111 1912 3832 113 an und zuͤ den zwein mùtt kernengelts ✳ gantz vˀzigen ✳ und die ir briefen und aller sachen halb gantz ledig ✳ und uss irn briefen und an vordrungē gelassen, ✳ also das soͤlichs nū hinfùr irhalb bi dē obgen̄

1120 1956 3795 121 kouff, ✳ der vertgung und disem brieff, vom gericht darub̄ als hernach stat beken̄t, ✳ allweg un̄ aͧn intrag bestan ✳ und ir brieff, so vil und verˀ die ✳ die zwen mùtt kernēgelts bewisent, un̄ dˀhalb ✳ minen

1116 2013 3799 109 gnedigen frowen, irm gotzhusz und nachkomen zuͦ Kùngsfeld gantz unschedlich, ✳ ir, ✳ ir̄ kinden und erbn̄ unhilflich, ✳ sunder sin, ✳ bestan un̄ bliben sol, ✳ als ob der darin̄ niendert gedacht wer noch wurd.

1120 2057 3799 109 desglichn̄, werent ouch jendert ander brieff umb die zwen mùtt kernēgelts, die soͤltē minē frowen herusz gevolgen und glicher wise inen unschedlich ✳ und sin, als jetz stat, ✳ ouch hinfùr allweg un̄

1128 2105 3799 109 ewklich bi disem kouff, ✳ vertgung und brieff, wie vorstàt, ✳ bestàn ✳ aͧn alles bekrencken und widertriben, wand ouch das alles also mitt urteil und recht ingericht nach aller notdurft un̄ wie sich das zuͦ

1120 2158 3783 104 recht geburt ✳ volgangen und beslossen ist. ✳ und sind hiebi ingericht und darub̄ urteilsprecher gewesen ✳ die erbˀn Heini Schmid, Hensli Wildi, Uͦlman Wùl und Hans Barˀt, burger ze Brugg, ✳ Heini

1111 2198 3820 109 Zymˀman, Heini Meiger dˀ alt und Hensli Meiger der jung von Lupfen, ✳ Hensli Lang und Clewi Komler uss dem Birhart, Hensli Wig von Husen, Heini Fricker der jung von Altemburg und andˀ. ✳ ✳ un̄

1116 2254 3779 101 des alles zewarem, stetem, vestem und ewigen urkùnd ✳ han ich, obgeñtˀ richter, ✳ sidmaln disz sach ✳ min gnedig frowen von Kùngsfeld un̄ irn hofmeistˀ von ir wegen berueͤrt ✳ und darub̄ der hof¬

1111 2307 3784 100 meister ✳ ungeburlich odˀ nitt billich umb die sach gesigelt hett, ✳ nach bekan̄ter urteil erbetten ✳ den obgen̄ Uͦlrich Grùlich, schulthn̄ ze Brugg, das der sin insigel von des gerichts, ✳ min ✳ und

1111 2343 3808 161 aller obgeñter teiln bett wegen, doch im und sinen erbn̄ aͧn schaden, ✳ offenlich hat gehenckt an disen brieff, ✳ der minē gnedigen frowen von Kùngsfeld nach mins hˀn, des hofmeisters, muͦtūg

1120 2391 1253 145 hierub̄ also ze gebn̄ erteilt ist des tags und jars, als vor stat. ✳
