7360 4912
1854 532 3258 131 Wir nachbenempten, Hans Stapfer, den man nempt Zuͦlouf, von Mùlinen ✳ einer, ✳ und der andˀn sit Hans Wildi, burger ze Brugg, an statt un̄ in vogt wise Adel-

1997 601 3103 111 heiten Stapferin, wilent Uͤli Stapfers, burgers ze Brugg, seliger gedechtnisse, elichē tochter, und Hans Bartˀ, ouch burger ze Brugg, anstatt und als ein

1989 659 3115 102 elich vogt Adelheiten Linggin, jetz miner und vormaln des genemptē Uͤli Stapfers efrowen, und min von ir wegen, bekenēt offenlich mitt disem brief, ✳ als

1977 691 3123 119 den̄ der jetzgent̄ Uͤli Stapfer und mitt im Heini Vischer, selig, siner swester man, in vˀgangnˀ zit den hof ze Mùlinen mitt ackern, matten und namlich mitt aller

1997 519 3123 324 rechtuḡ und zuͦgehoͤrd nach den erbfellen, umb das und ander ir guͦt der zit beschechē, ✳ zum erb gelichen habent Hansen Stapfer von Mùlinen, ✳ min, des obgen̄

2001 794 3087 102 Hansen Zuͦloufs, vatter seliger gedaͤchtnisse, ✳ den man nampt den alten Zuͦlouff, und sinen sùnen, ✳ mir un̄ minē bruͦdnˀ, soͤlich lichen und empfachen mitt

1989 830 3123 115 den gedingen darub̄ berett aber der zit nitt beschriben, ✳ sunder also guͤtlich, als zwischen frùnden, angestanden, bisz das Uͤli Stapfer, obgen̄t, in sin todbett

1993 888 3119 110 komen, das in dem jar nach Cristi gebùrt vierzechenhundert vierzigund siben jar beschechen, do ist das und andˀs nach sinem angebē durch meister Han¬

2009 933 3095 98 sen Stapfer, sinen vetter, jetz lùtpriester ze Baden, in schrift genomen. ✳ ✳ und wand nū der hoff, den also ze buwen und zinsen an mich, obgen̄ Hansen Zuͦlouf, vō

2001 986 3103 106 minē vatter, vorgen̄t, komen ist und die zinsz, so Uͤlin Stapfer, vorgenempt, davō gehoͤrt habent ✳ nū zuͦgehoͤrent und angeerbt sind Adelheitē Stapferin, sin

1997 1051 540 78 tochter, vorgen̄t, zuͦ eigen ✳

2517 1031 82 90 und

2558 1031 2554 90 Adelheiten Linggin, ir muͦter und min, Hans Barten, efrowen, ouch obgen̄t, zuͦ lipding nach recht, sitt und gewonheit der statt

1985 1080 3123 98 Brugg und aber wir beidteil, obgenempt, bi soͤlichem lichen und empfachen des hofs inden gedingē, darub̄ berett und durch Uͤlin Stapfer als vor staͧt

2001 1129 3099 99 in schrift geben, ✳ beliben ✳ und dabi aͧn intrag und endrung bestan sol, ✳ darub̄ hand wir innamen und anstatt als vor stàt und sunder ich, obgẽnter Hans Wildi,

2001 1166 3083 107 anstatt miner vogt tochter, egent̄, mitt raͧt, heissen, wissen und willen minˀ hnˀ schulthn̄ und raͤten ze Brugg, die mich mitt Hansē Zuͦloͧf, irē vettˀ, dickgen̄, ir zuͦ vogt

2022 1215 3066 103 geben hand, ✳ soͤlich des Stapfers angeben und schrift, vorgemeldet, herin schriben lassen und anstatt und fùr als vor stat gelopt, ✳ soͤlich lichen und empfachen nach

2001 1260 3062 94 der in̄halt und nach des ampts im Eigen recht und gewoͤnheit steͣt zehalten und nach zekoment, wie billich ist. ✳ ✳ und wist die schrift also: item ander nechsten

2013 1293 3103 119 mittwuch vor dem balmtag im xxvij jar starb mins vetter Stapfers wib. ✳ darnach, vor santt Johans tag acht tag, ✳ do starb Heini Smid. darnach, santt Jacops

2013 1342 3107 119 tag, starb Hēman Stapfer. darnach starb der alt Stapfer, der vordrigen sùn vatter. und denocht was in leben Hans Stapfer und Heini Stapfer, des alten Stapfers

2026 1395 3107 107 sùn, und It, sin tochter, die arbtent Uͤlin Stapfer, irn vatter, gar und gar anligendem und varendem guͦt. ✳ und darnach, nachdem alten Stapfer glich, do starb

2018 1440 3098 123 Hans Stapfer und darnach, do starb It, des alten Stapfers tochter, und zum hindersten Heini Stapfer und arbt je eins das ander, ✳ also das des alten Stapfers

2022 1494 3074 114 guͦt was alles sament gevallen an Heinin Stapfer, den man nampt den Smid, und also starb derselb Heini Stapfer zum hindristen. denocht was in leben

1997 1530 3132 123 Uͤli Stapfer, des alten Smids sun, und sin swester, Heini Vischers ewip, und die zwey arbtent nū Heinin Stapfer alles, das er hatt, ligends un̄ varends.

2022 1596 3086 110 item und darnach, vor vasnacht im xxviij, do lech Uͤli Stapfer und Heini Vischer, siner swester man, den hof ze Mùlinen mitt aller zuͦgehoͤrd Hansē

2022 1641 3062 119 Stapfer, den man nampt den alten Zuͦlouf, von Mùlinen und sinen sùnen zum erb umb zwentzig stuck minder ein halb fiertel roggen, ✳ dero sind

2026 1698 3074 111 zechen stuck minder ein halb fiertel roggen boden zinsz, sond si jerlich usrichten und nitt uff den hof slachen, und dero gehoͤren vier stuck mindˀ ein

2034 1743 3062 123 fiertel kernen den obgen̄ Adelheiten Stapferin und Adelheiten Linggin, ir muͦter, nach recht der statt Brugg immass, als vor stàt, Uͦlrich Grùlich gehoͤ¬

2018 1825 3078 94 rent zwen mùtt kernen, Cuͦntz Wirts erbē zwey malter habern und zechen fiertel roggen und Ruͦdin Senfer ein halb mùtt kernen. die ùbrigen zechen

2046 1850 3078 118 stuck sind nach zinsz und halb an kernen und halb an roggen, und dero gehoͤrent fùnf stuck Adelheiten Stapferin und Adelheiten, siner muͤter, aber immasz,

2026 1899 3053 127 als vor stat, ✳ Fridlin Mùsler von Stilli gehoͤrent vier stuck und ein stuck gehoͤrt gon Umikon der kilchen. ✳ und solich vor und nach zinsz sond jerlich usgericht ✳

2034 1964 3041 107 werden nach zinsz und des ampts recht im Eigen. ✳ item und als der alt Zuͦlouf den hof als vor stat empfieng und daruf kam kouft er von Uͤlin Stapfer

2038 2009 3086 115 und Heinin Vischer, obgen̄t, hoͤw und embd umb zwoͤlf guldin und darub̄, wen̄ er, ✳ sin sùn oder ir erben den hof ufgeben und davon gan wellent, sol inē

2050 2079 3066 94 gevolgen und werden hoͤw und embd fùr zwoͤlf guldin ✳ oder aber zwoͤlf guldin dafùr, weders die Zuͦlouf wellent. ✳ fùro soͤllēt die Zuͦlouf oder ir erbē,

2042 2116 3021 123 so si den hof ufgebent, des Stapfers erben in zwoͤlf jucharten, so geseͣyt sind, ✳ es sie korn oder habˀn, geben das dritt und das vierd fùr den abzug,

2018 2169 3086 115 des nach zinsz desselben jars, darin̄ si ufgebent, und damitt den nachzinsz desselbn̄ jars zalt habn̄ und nùtzit fùro den̄ den boden zinsz geben, den̄

2058 2226 3030 115 si also zum hof komen sind. ✳ ✳ item alles das stro, das uff dem hof valt und wirt, sond si daruff lassen und andehein ander end fuͤren noch verendern.

2050 2271 3079 119 Uͤli Stapfer behuͦb ouch im selbs inder lichung des hofs, als vor stat, usz ein oͤpfelboͧm im Spilweg ze nechst am Kaͤser im Birhart zuͦ end siner wil. ✳ item

2058 2337 3034 119 fùro wist die schrift, das ein acker stost an die obern strasz zuͦ einer sit ✳ und die lang sit stost am Mùliweg nider, ✳ sie Uͤli Stapfers und in̄ von siner ✳

2034 2378 3045 118 muͦter, die den halben teil von ir swester geerbt hab, zuͦ erb an komen und inden obˀn hof und guͤter gelichen. item ein halb juch, stost anden

2034 2431 3066 115 Eitembergerweg und gat der Mùliweg darùber, der gehoͤrt indes Gigers, seligen, guͦt und Uͤli Stapfer hàt genomen uff sin end, das die acker

2063 2472 3057 143 sin sient, und er hab den Zuͦlouffen die in den obern hof und guͤter gelichen. ✳ und des alles zuͦ warem, vestem urkùnd und bestan̄tlicher sichˀ¬

2046 2525 3066 123 heit ✳ hand wir, obgen̄ beidteil, diser sach zwen gelich brieff, jetwederm teil einen, ✳ lassen machen und erbetten die ersamen, wisen Ruͦdolf Nies¬

2063 2599 3061 110 lin, ze Kungsfelden hofmeister, und Niclaus Fricker, schulthn̄ ze Brugg, ✳ das die ir insigel fùr uns als unser obern, und darunder wir beidteil

2058 2632 3050 126 uns diser sach fùr uns und unser erben in wise und an statt als vorstat ✳ wissentlich und vestenklich verbindent, ✳ doch irn obern, inen und

2063 2693 3008 139 irn erben inallweg aͧn schaden, offenlich daran gehenckt habent, und geben sind uff donstag vor sant̄t Martins tag, nach Cristi ge¬

2075 2771 1076 155 bùrt vierzechenhundertfunfzigundsechs jar. ✳
