6005 4801
792 456 3119 132 Wir, nächbenempten Heini Waͤchterˀ, Heini Geisler genant Sigrist, Hans Vetter, Hans Loͤli, Hans Karrerˀ, ✳ Hans Rollobotz,

892 560 3075 104 schuͦmacher, Heinrich Ellend, der kuͤffer, ✳ Heini Wygachˀ, Erhart Schnider und Heini Gnipholtz, all von Obnˀburg, ✳ be¬

888 636 2995 100 kennend und tuͦnd kund mengklichem mit disem brieff ✳ fùr uns und all unser erbn̄ und nachkomen daselbs

876 696 3027 108 ze Oberburg, ✳ die wir ouch harzuͦ vestenklich vˀbindend, ✳ als der erwirdigen, geistlichn̄ frown̄, frow Ursseln

888 756 2963 120 von Mùlinen, aͤbptissin, und ir coventz vordnˀ und si, ✳ unser gnedig frown̄, ✳ uns zuͦ unsmˀ dorff Obˀnburg

876 804 3051 124 den brunnen, den man nempt den Särenbrun̄, der von altˀ und raͤcht billich mit und zuͦ andmˀ wasser

864 880 3083 112 in ir closter geverggot und gän soͤltte, denn̄ das si uns den ✳ in und zuͦ unsmˀ dorff, durch unser vordnˀ

860 936 3059 132 und unser bitt, nutz und notturfft willen von sundnˀ gnädn̄ und nit von raͤcht ✳ hand gelichn̄ und vertigen

880 1004 3127 128 lässen, ✳ mit raͤchten, uszbedingt₎ fùrwort₎, wenn̄ die gedàcht₎ unser gnedig frown̄, ir gotzhus und nachkomē

884 1076 3135 120 des, gebraͤstenhalb wassers in irmˀ closter, nit lengˀ enbnˀ wellend oder moͤgend, ✳ das si den wol widerumb

864 1128 3135 132 von uns und dem unsnˀ in und zuͦ irmˀ wasser ✳ vertigen, leitten und so lang inen das fuͦgklich, not¬

844 1196 3063 128 turfftig oder ze willen ist behalten, àn unser und ùnser nächkomen sūmen, irren und widerredn̄.

872 1256 3127 144 wir entzichend uns ouch daruff fùr uns und fùr als vor aller raͤchtung, vordrung und anspräch der

868 1332 3123 136 eigenschafft des brunnen mit allen den worten, sicherheit und gewarsami, dero die genant₎ ùnsrˀ

876 1388 3107 140 gnedig frown̄, ir gotzhus und nachkomen herzuͦ notturfftig sind oder werdend, ✳ inmàssz, als uns der obge¬

864 1456 3043 136 schribn̄ brun̄ nie gelichn̄ noch zuͦ uns bràcht were ✳ alles ungevarlich. und des zuͦ wàrem, vestem

880 1524 2979 128 urkùnd habend wir all gemeinlich und sunderlich mit ernst erbaͤtten ✳ den fromen und vesten

872 1596 3023 120 jungkhˀ Petnˀ von Griffensee, das er sin insigel fùr uns, doch im und sinen erbn̄ àn schadn̄, offenlich

872 1664 3107 112 gehenkt hätt, darunder wir uns vestenklich vˀbindend, zebesagen aller vorgeschribnˀ ding, der gebn̄

868 1740 3071 180 ist uff mendag vor sant Johans tag ze sùnwendn̄, nach Cristus geburt vierzaͤchn̄hundˀt fùnffzig und

3170 1812 376 140 nùn jare ꝫcꝭ.
