6882 4903
1450 506 3343 143 Ich, Ruͤdi Fluͤman von Biralof, beken̄ offenlich mitt disem brief, ✳ das dis hienach geschribnē zwey guͤter ze Biralof un̄ da umb

1479 608 3269 94 gelegen mitt ir rechtūg und zuͤgehoͤrd von Trostberg har ze manlechen komen und aber jetz von minē junckhˀn vō Luter¬

1479 645 3314 102 now lechn̄ und mich also von Uͦlrich Etterlin von Brugg zekouf umb zechen guldin ankomen sind. ✳ ✳ und das ich die daruf,

1483 710 3257 103 uff datū dis und des lechenbriefs, den ich darub̄ hab von dem edeln und vesten junckher, Hansuͦlrichn̄ von Lutˀnow, minē gne¬

1483 759 3257 99 digen hern, zerechtem, ledigen manlechn̄ empfangē un̄ im gesworn hab, ✳ die also zeman̄lechn̄ von im un̄ sinē nachkomen

1495 796 3241 119 zehabent und inen davon und mitt gehorsam zesind, zedienent un̄ zetuͦnd, das ein lechēman sinē lechēherˀn von sinˀ man̄

1491 858 3282 110 lechn̄ wegen zetuͦnd schuldig ist, und inē ander lechenschaft, manschaft und andˀn irn rechten aͧn schaden, ✳ alles nach man̄lechēs

1503 927 3253 90 un̄ lands recht un̄ gewonheit ungevarlich. ✳ item und sind dis namlich die stuck beider guͤtern nach in̄halt der egemelten

1503 972 3237 106 briefen: ✳ des einen guͦts, ✳ das ettwan des Dussen von Biralof gesin ist, ✳ sind dis die stuck: ✳ des erstē ein halb juchart ackers

1483 1037 3228 98 ze Biralof under der Steig gelegen oben Uff dem Geishag und stost uff min, des Fluͤmans, acker. ✳ itē ein halb juchart ackers

1495 1086 3261 102 ze Biralof, hinder des Dussen hus, inder obˀn zelg, zwischent min, des Fluͤmans guͤtˀn gelegen ✳ und genēpt Hermans Acker, ✳ stost

1491 1148 3212 90 an die hushofstatt. ✳ item vor Eichald₎ ze Goͤttishusen ein halb juchart ackers, genan̄t Birkenacker, zwischēt min, des Fluͤ¬

1499 1188 3196 103 mans, guͤtˀn gelegen. ✳ itē inder nidern zelg ze Biraloͧf ein halb juchart ackers, genan̄t das Mùli Aͤckerli, zwischēt min, des

1512 1254 3236 102 Fluͤmans, guͤtern gelegē. ✳ itē ein acker, genan̄t der Grebler ze Biralof im wiger unden an min, des Fluͤmans, acker bi der Ar

1499 1307 3249 114 gelegen. ✳ item ein mattbletzli lit ze Biralof hindˀ den hùsern, nebēt des von Mûlinen guͤt, ✳ das ich buwt. ✳ ✳ so sind die stuck des

1503 1348 3245 126 andˀn guͦts ✳ und das hatt ettwan der Frig gehept ✳ und das vom Engelman erkouft, ✳ des ersten ze Goͤttishusen uff dem Reinackˀ

1520 1409 3236 115 ein aͤckerli an min, des Fluͤmans, acker gelegen, stost hinab uff den Reinacker und hinuf an den weg. item vor der Eichald₎

1503 1483 3245 98 ein juch, zwischent des Dussen un̄ min, des Fluͤmans, ackˀn gelegē. itē unden am Ùtirein undˀ der Steig, in der zelg ze Bi¬

1512 1532 3244 102 ralof, uff dem Rein ✳ lit ein aͤckerli, trett uff des Dussen und min acker. ✳ itē ze Biralof uff dem Kurtzen Steiglin lit ein juchart

1512 1573 3224 118 ackers, genant Kalchbett, zwischent der Steig und der rùti. ✳ aber ein juchart ackers ze Biralof, undˀm Geishag, andes Dussen

1516 1630 3257 110 acker gelegen. ✳ item ein aͤkerli ze Biralof gelegen, do das husz ufstaͧt, ✳ stost anden weg ✳ und uff min, des Fluͤmans, acker. un̄

1512 1687 3277 118 ein mattbletzli ✳ nid dem hus, undˀm weg an min, des Fluͤmans, matten gelegen. ✳ aber ein aͤckerli in der obˀn zelg ze Biralof

1499 1752 3290 94 gelegen an min, des Fluͤmans, acker. ✳ aber ein aͤckerli daselbs ander Steinreiten, am hag bim wolfbirboͧm gelegen, ✳ trett hin¬

1516 1810 3245 102 ab uff den weg. ✳ aber ein acker daselbs uff dem Rein, an min, des Fluͤmans, acker gelegen. ✳ und des alles zuͦ urkùnd han

1512 1846 3240 119 ich, obgenātˀ Ruͤdi Fluͤman, erbetten ✳ den ersamen Uͤlrich am Buͤl, hofmeister ze Kùngsfeld₎, min hern, das der sin insigel

1516 1899 3265 115 fùr mich brestēhalb eigens insigels mich damitt in̄halt dis briefs wissentlich ze bewisen, ✳ doch minē gnedigē frowē

1503 1957 3311 106 und irm gotzhus und nachkomen ze Kùngsfelden, ✳ ouch im und sinen erben in allweg aͧn schaden, ✳ offenlich hat gehēckt

1512 2034 3195 135 andisen brief, ✳ der geben ist uff den ersten tag brachmanodes, do man zalt von Cristi geburt vierzechenhundert

1503 2087 679 152 sechzig und siben jar. ✳
