5905 4711
3046 247 738 161 Königsf. 665

2622 577 1268 74 ze wissend als die spruchbrieff zù letst wisent, das Birkinger minē frowen von

2626 612 1264 67 Kùngsfeld fùr vˀsessen und ergangen zinsz bisz uff den spruch usrichtē un̄ gebn̄ soͤll,

2622 573 314 145 zwentzig und fùnff

2932 655 83 39 pfund

2932 573 982 145 nach in̄halt der spruchbrieff ꝫc̄, das Birkinger minen frowē

2622 687 1280 66 darub̄ usrichtūg un̄ gnuͤg getàn hat ✳ un̄ er un̄ sin erbn̄ darub̄ quitt, ledig und ✳

2618 718 1268 63 losz sin soͤllent ✳ mitt urkùnd diser geschrift mitt min, Niclaus Frickers, hand

2622 749 1292 87 des zù urkùnd uff beid spruchbrief geschribn̄ uff santt Laurentien tag ✳ anno

2618 793 927 113 dnī millīmoquadringentesmioquinquagesimoquinto

5351 1020 114 487 spruchbrieff vom far ze Stilli

3046 1091 275 122 Staatsarchiv

3078 1177 216 165 AARGAU

5178 1468 244 74 ✳

3329 1974 491 98 spruchbrieff vom var

3388 2029 436 83 Stilli so von Birkingˀs

3349 2064 467 95 wegen gericht ward

3290 2147 420 106 dero sind noch mer ✳

3667 2170 204 161 ✳ K ✳

3639 2406 342 165 ✳ P ✳ 58 ✳
