<?xml version="1.0" encoding="UTF-8"?>
<alto xmlns:xsi="http://www.w3.org/2001/XMLSchema-instance"
      xmlns="http://www.loc.gov/standards/alto/ns-v4#"
      xsi:schemaLocation="http://www.loc.gov/standards/alto/ns-v4# http://www.loc.gov/standards/alto/v4/alto-4-2.xsd">
  <Description>
    <MeasurementUnit>pixel</MeasurementUnit>
    <sourceImageInformation>
      <fileName>U-17_0737_r.jpg</fileName>
      
    </sourceImageInformation>
  </Description>
  
  <Layout>
    <Page WIDTH="7360"
          HEIGHT="4912"
          PHYSICAL_IMG_NR="98"
          ID="eSc_dummypage_">
      <PrintSpace HPOS="0"
                  VPOS="0"
                  WIDTH="7360"
                  HEIGHT="4912">
        
        <TextBlock HPOS="1755"
                   VPOS="460"
                   WIDTH="3834"
                   HEIGHT="2254"
                   ID="region_1514666321792_6"
                   TAGREFS="BT">
          <Shape><Polygon POINTS="1755 460 5589 460 5589 2714 1755 2714"/></Shape>
          
          
          <TextLine ID="region_1514666321792_6l1"
                    
                    BASELINE="1906 668 2093 664 2281 662 2469 660 2657 660 2845 660 3033 660 3221 662 3409 664 3597 666 3784 668 3972 670 4160 674 4348 676 4536 676 4724 678 4912 678 5100 678 5288 676 5476 674" 
                    HPOS="1895"
                    VPOS="523"
                    WIDTH="3577"
                    HEIGHT="176">
            <Shape><Polygon POINTS="1903 667 1899 523 2206 528 2206 528 2206 528 2210 528 2210 528 2210 528 2398 605 2595 532 2611 528 2611 528 2615 528 2615 528 2619 528 2754 528 2754 528 2754 528 2758 528 2787 536 2959 597 3070 552 3070 552 3074 552 3074 552 3074 552 3078 552 3078 552 3082 552 3082 552 3160 585 3422 589 3503 552 3503 552 3508 552 3508 552 3508 552 3512 552 3512 552 3516 552 3516 552 3618 593 3663 573 3663 573 3663 573 3667 573 3667 573 3671 573 3987 573 3987 573 3987 573 3991 573 3991 573 3991 573 3995 573 4044 609 4515 609 4547 585 4551 585 4551 585 4551 585 4555 585 4555 585 4560 585 5051 605 5194 577 5215 577 5215 577 5215 577 5219 577 5219 577 5219 577 5239 581 5350 605 5460 585 5472 671 5464 699 1895 691"/></Shape>
	    <String CONTENT="Ich, Cuͦnrat Vogt von Vilingen, undervogt des ampts uff Boͤtzberg, beken̄ offenlich mitt disem brief, das ich uff fritag nach santt Doroteen"
                    HPOS="1895"
                    VPOS="523"
                    WIDTH="3577"
                    HEIGHT="176"></String>
          </TextLine>

          
          
          <TextLine ID="region_1514666321792_6l2"
                    
                    BASELINE="2062 720 2239 716 2417 714 2595 714 2773 714 2950 716 3128 717 3306 720 3484 722 3662 724 3839 726 4017 729 4195 732 4373 734 4551 734 4728 736 4906 736 5084 734 5262 732 5440 730" 
                    HPOS="2054"
                    VPOS="663"
                    WIDTH="3382"
                    HEIGHT="81">
            <Shape><Polygon POINTS="2058 716 2054 663 5431 675 5436 728 5427 744 2054 740"/></Shape>
	    <String CONTENT="tag, nach Cristi gebùrt gezalt vierzechenhundertsechzig und sechs jar, ze Brugg, in Heini Ammans stuben, ✳ mitt erlouben und willē der"
                    HPOS="2054"
                    VPOS="663"
                    WIDTH="3382"
                    HEIGHT="81"></String>
          </TextLine>

          
          
          <TextLine ID="region_1514666321792_6l3"
                    
                    BASELINE="2056 774 2235 770 2415 768 2594 766 2774 766 2953 768 3133 768 3313 770 3492 772 3672 776 3851 778 4031 780 4210 782 4390 784 4570 786 4749 788 4929 788 5108 788 5288 786 5468 784" 
                    HPOS="2050"
                    VPOS="716"
                    WIDTH="3414"
                    HEIGHT="86">
            <Shape><Polygon POINTS="2054 773 2050 716 5456 728 5464 781 5460 802 2054 802"/></Shape>
	    <String CONTENT="ersamen, miner herˀn, eins schulthn̄ und rats ze Brugg, ✳ glicher wise und in allem rechten, als im ampt uff Boͤtzberg, und anders nitt, ✳ mitt"
                    HPOS="2050"
                    VPOS="716"
                    WIDTH="3414"
                    HEIGHT="86"></String>
          </TextLine>

          
          
          <TextLine ID="region_1514666321792_6l4"
                    
                    BASELINE="2068 830 2246 826 2425 824 2603 822 2782 820 2960 820 3139 822 3317 824 3496 826 3674 828 3853 831 4031 834 4210 836 4388 838 4567 840 4745 842 4924 842 5102 842 5281 842 5460 838" 
                    HPOS="2063"
                    VPOS="773"
                    WIDTH="3393"
                    HEIGHT="86">
            <Shape><Polygon POINTS="2067 826 2063 773 5448 773 5456 835 5452 859 2067 859"/></Shape>
	    <String CONTENT="offem, verbānem gericht offenlich zegericht gesessen bin anstatt der strengen, fùrsichtigen, wisen, miner gnaͤdigen herˀn von Bern und"
                    HPOS="2063"
                    VPOS="773"
                    WIDTH="3393"
                    HEIGHT="86"></String>
          </TextLine>

          
          
          <TextLine ID="region_1514666321792_6l5"
                    
                    BASELINE="2058 888 2238 883 2419 879 2600 876 2780 876 2961 874 3142 876 3323 878 3503 880 3684 882 3865 885 4046 888 4226 890 4407 894 4588 896 4769 898 4921 900 5102 902 5311 898 5492 896" 
                    HPOS="2050"
                    VPOS="822"
                    WIDTH="3439"
                    HEIGHT="99">
            <Shape><Polygon POINTS="2054 884 2050 822 5481 835 5489 892 5481 921 2050 904"/></Shape>
	    <String CONTENT="von heissens wegen des ersamen Peters von Wingarten, jetz vogts ze Schenkemberg, der zegegen was. ✳ und staltent sich da selbs"
                    HPOS="2050"
                    VPOS="822"
                    WIDTH="3439"
                    HEIGHT="99"></String>
          </TextLine>

          
          
          <TextLine ID="region_1514666321792_6l6"
                    
                    BASELINE="2070 944 2248 939 2427 936 2606 934 2784 932 2963 932 3142 934 3321 934 3499 936 3678 938 3857 942 4036 944 4214 947 4393 950 4572 952 4751 954 4929 956 5108 956 5287 956 5466 956" 
                    HPOS="2063"
                    VPOS="875"
                    WIDTH="3401"
                    HEIGHT="103">
            <Shape><Polygon POINTS="2067 941 2063 875 5460 892 5464 953 5456 978 2063 953"/></Shape>
	    <String CONTENT="ingericht, verfùrsprechet nach des gerichts recht✳ die erbern Hans Kilcher von Vilingen einer, und der andnˀ sit Cuͦnrat Widmer, des"
                    HPOS="2063"
                    VPOS="875"
                    WIDTH="3401"
                    HEIGHT="103"></String>
          </TextLine>

          
          
          <TextLine ID="region_1514666321792_6l7"
                    
                    BASELINE="2094 998 2272 996 2451 992 2630 990 2809 990 2988 990 3167 990 3345 992 3524 992 3703 995 3882 997 4061 1000 4240 1002 4418 1004 4597 1008 4776 1010 4955 1012 5134 1014 5313 1016 5492 1016" 
                    HPOS="2087"
                    VPOS="929"
                    WIDTH="3402"
                    HEIGHT="94">
            <Shape><Polygon POINTS="2091 994 2091 929 5485 937 5489 1015 5481 1023 2087 1015"/></Shape>
	    <String CONTENT="jarzitamptz zuͦ Kùngsfelden pfleger und indes namen. ✳ und offnet der genēpt Hans Kilcher durch sinen fùrsprechen, das er nach guͦtˀ"
                    HPOS="2087"
                    VPOS="929"
                    WIDTH="3402"
                    HEIGHT="94"></String>
          </TextLine>

          
          
          <TextLine ID="region_1514666321792_6l8"
                    
                    BASELINE="2086 1056 2263 1052 2441 1048 2619 1046 2797 1046 2975 1044 3153 1046 3331 1046 3509 1048 3687 1050 3864 1052 4042 1054 4220 1056 4398 1060 4576 1062 4754 1066 4932 1068 5110 1070 5288 1072 5466 1074" 
                    HPOS="2079"
                    VPOS="986"
                    WIDTH="3385"
                    HEIGHT="102">
            <Shape><Polygon POINTS="2083 1051 2083 986 5460 1006 5464 1072 5456 1088 2079 1072"/></Shape>
	    <String CONTENT="vorbetrachtung fùr sich und all sin erben eins vesten und ewigen koufs recht und redlich verkouft und ze kouffen geben hette ✳ dem"
                    HPOS="2079"
                    VPOS="986"
                    WIDTH="3385"
                    HEIGHT="102"></String>
          </TextLine>

          
          
          <TextLine ID="region_1514666321792_6l9"
                    
                    BASELINE="2090 1108 2268 1105 2447 1102 2626 1102 2805 1100 2984 1100 3163 1100 3342 1102 3521 1104 3700 1106 3879 1108 4058 1110 4237 1112 4416 1116 4595 1118 4774 1121 4953 1124 5132 1126 5311 1128 5490 1132" 
                    HPOS="2083"
                    VPOS="1047"
                    WIDTH="3406"
                    HEIGHT="99">
            <Shape><Polygon POINTS="2087 1105 2083 1047 5485 1064 5489 1129 5481 1146 2083 1129"/></Shape>
	    <String CONTENT="genempten Cuͦnrat Widmer anstatt der geistlichen frowen, frow Annan Fundlin, jetz des egen̄ jarzitamptz ze Kùngsfeld₎ pflegerin,"
                    HPOS="2083"
                    VPOS="1047"
                    WIDTH="3406"
                    HEIGHT="99"></String>
          </TextLine>

          
          
          <TextLine ID="region_1514666321792_6l10"
                    
                    BASELINE="1946 1168 2132 1164 2319 1160 2505 1158 2692 1158 2878 1156 3065 1156 3251 1156 3438 1156 3624 1158 3811 1160 3997 1160 4184 1164 4370 1166 4557 1168 4743 1172 4930 1176 5116 1180 5303 1183 5490 1188" 
                    HPOS="1936"
                    VPOS="1076"
                    WIDTH="3553"
                    HEIGHT="127">
            <Shape><Polygon POINTS="1944 1166 1940 1076 2099 1105 2980 1088 3291 1084 3295 1084 5485 1125 5489 1187 5481 1203 3368 1174 3196 1195 3180 1195 3180 1195 3176 1195 3123 1195 2607 1170 2533 1191 2533 1191 2529 1191 2529 1191 2525 1191 1936 1187"/></Shape>
	    <String CONTENT="und sin als ir amptmans zuͦ des selben ampts handen umb vier Rinsch guldin, der er von inen von des ampts wegen in sinē nutz"
                    HPOS="1936"
                    VPOS="1076"
                    WIDTH="3553"
                    HEIGHT="127"></String>
          </TextLine>

          
          
          <TextLine ID="region_1514666321792_6l11"
                    
                    BASELINE="2086 1220 2264 1218 2443 1216 2622 1216 2800 1214 2979 1214 3158 1214 3337 1214 3515 1214 3694 1216 3873 1216 4052 1218 4230 1220 4409 1222 4588 1224 4767 1226 4945 1229 5124 1232 5303 1234 5482 1238" 
                    HPOS="2079"
                    VPOS="1154"
                    WIDTH="3402"
                    HEIGHT="94">
            <Shape><Polygon POINTS="2083 1219 2079 1154 5477 1170 5481 1236 5472 1248 2079 1236"/></Shape>
	    <String CONTENT="und notdurft ✳ gantz bezalt wer, ✳ ein mettli, mitt aller rechtūg, ehafte, harkomen und zuͦgehoͤrd, ✳ gelegen ob Raͤmingen an Brùggla,"
                    HPOS="2079"
                    VPOS="1154"
                    WIDTH="3402"
                    HEIGHT="94"></String>
          </TextLine>

          
          
          <TextLine ID="region_1514666321792_6l12"
                    
                    BASELINE="2102 1276 2281 1274 2460 1272 2639 1270 2818 1270 2997 1268 3176 1268 3356 1270 3535 1270 3714 1271 3893 1272 4072 1274 4251 1276 4431 1276 4610 1278 4789 1280 4968 1282 5147 1284 5326 1286 5506 1286" 
                    HPOS="2095"
                    VPOS="446"
                    WIDTH="3414"
                    HEIGHT="855">
            <Shape><Polygon POINTS="2099 1273 2099 446 5509 458 5505 1285 5497 1301 2095 1289"/></Shape>
	    <String CONTENT="fùr eigen und unbekùmbert, ✳ stost an den bachgraben daselbs und lit in und zwischent des genempten jarzitamptz matten da¬"
                    HPOS="2095"
                    VPOS="446"
                    WIDTH="3414"
                    HEIGHT="855"></String>
          </TextLine>

          
          
          <TextLine ID="region_1514666321792_6l13"
                    
                    BASELINE="2094 1334 2273 1330 2453 1328 2632 1326 2812 1326 2991 1324 3171 1324 3351 1324 3530 1326 3710 1326 3889 1328 4069 1328 4248 1330 4428 1332 4608 1334 4787 1336 4967 1338 5146 1340 5326 1342 5506 1344" 
                    HPOS="2087"
                    VPOS="1252"
                    WIDTH="3418"
                    HEIGHT="102">
            <Shape><Polygon POINTS="2091 1330 2087 1252 5501 1277 5505 1342 5501 1354 2091 1354"/></Shape>
	    <String CONTENT="selbs, die jetz Hans Steinhus von Vilingen hàt ✳ und dasselb mettli ist vormaln gesin Hansen Vogts von Raͤmīgen, Hansen Kilchers"
                    HPOS="2087"
                    VPOS="1252"
                    WIDTH="3418"
                    HEIGHT="102"></String>
          </TextLine>

          
          
          <TextLine ID="region_1514666321792_6l14"
                    
                    BASELINE="2096 1386 2275 1384 2455 1384 2635 1383 2815 1382 2994 1382 3174 1382 3354 1382 3534 1382 3714 1384 3893 1384 4073 1386 4253 1386 4433 1388 4613 1389 4792 1390 4972 1392 5152 1394 5332 1396 5512 1398" 
                    HPOS="2091"
                    VPOS="1322"
                    WIDTH="3418"
                    HEIGHT="98">
            <Shape><Polygon POINTS="2095 1383 2095 1322 5509 1326 5509 1395 5501 1420 2091 1408"/></Shape>
	    <String CONTENT="swecher, und Hansen Kilcher, von im an komen ✳ und uff soͤlich offnūg und vergicht des koufs, nach der offnuḡ in̄halt ✳ von beidē"
                    HPOS="2091"
                    VPOS="1322"
                    WIDTH="3418"
                    HEIGHT="98"></String>
          </TextLine>

          
          
          <TextLine ID="region_1514666321792_6l15"
                    
                    BASELINE="2104 1448 2179 1446 2255 1444 2331 1442 2407 1441 2482 1440 2558 1440 2634 1438 2710 1438 2786 1438 2861 1438 2937 1438 3013 1438 3089 1438 3165 1438 3240 1438 3316 1440 3392 1440 3468 1440 5514 1461" 
                    HPOS="2095"
                    VPOS="1371"
                    WIDTH="3418"
                    HEIGHT="118">
            <Shape><Polygon POINTS="2099 1444 2099 1371 5509 1387 5513 1457 5505 1489 4654 1461 2095 1457"/></Shape>
	    <String CONTENT="teiln ingericht beschechen ist der kouff, wie vor stat, ingericht volvertiget, volfuͤrt und besteͣt und nach ufgeben Hansen Kilchˀs"
                    HPOS="2095"
                    VPOS="1371"
                    WIDTH="3418"
                    HEIGHT="118"></String>
          </TextLine>

          
          
          <TextLine ID="region_1514666321792_6l17"
                    
                    BASELINE="2102 1496 2281 1496 2460 1498 2639 1498 2818 1498 2997 1498 3176 1498 3355 1496 3534 1496 3713 1496 3892 1496 4071 1496 4250 1496 4429 1496 4608 1498 4787 1500 4966 1501 5145 1504 5324 1506 5504 1510" 
                    HPOS="2095"
                    VPOS="1440"
                    WIDTH="3406"
                    HEIGHT="90">
            <Shape><Polygon POINTS="2099 1494 2099 1440 5497 1449 5501 1506 5493 1530 2095 1510"/></Shape>
	    <String CONTENT="fùr sich und all sin erben in und zuͦ handen Cuͦnrat Widmers anstatt und zuͦ handen des jarzitamptz zuͦ Kùngsfeld₎, obgen̄t, und"
                    HPOS="2095"
                    VPOS="1440"
                    WIDTH="3406"
                    HEIGHT="90"></String>
          </TextLine>

          
          
          <TextLine ID="region_1514666321792_6l18"
                    
                    BASELINE="2096 1556 2274 1556 2453 1554 2632 1554 2810 1554 2989 1552 3168 1552 3347 1552 3525 1550 3704 1550 3883 1550 4062 1550 4240 1550 4419 1550 4598 1552 4777 1552 4955 1554 5134 1556 5313 1558 5492 1562" 
                    HPOS="2095"
                    VPOS="1481"
                    WIDTH="3394"
                    HEIGHT="103">
            <Shape><Polygon POINTS="2095 1555 2095 1481 5485 1498 5489 1559 5485 1584 2095 1584"/></Shape>
	    <String CONTENT="des pflegern gegenwùrtig und kùnftig in geantwurt ✳ und des ingewer gesetzt ✳ mitt dem kouf und dem maͤttlin, darin̄ begriffen,"
                    HPOS="2095"
                    VPOS="1481"
                    WIDTH="3394"
                    HEIGHT="103"></String>
          </TextLine>

          
          
          <TextLine ID="region_1514666321792_6l19"
                    
                    BASELINE="2112 1612 2287 1612 2462 1612 2638 1612 2813 1612 2988 1612 3164 1612 3339 1612 3514 1610 3690 1610 3865 1610 4041 1610 4216 1608 4391 1608 4567 1608 4742 1608 4917 1610 5093 1610 5268 1612 5444 1614" 
                    HPOS="2108"
                    VPOS="1551"
                    WIDTH="3332"
                    HEIGHT="82">
            <Shape><Polygon POINTS="2108 1608 2108 1551 5436 1555 5440 1612 5436 1629 2108 1633"/></Shape>
	    <String CONTENT="wie vor staͧt, als mitt irm ✳ eignen unbekùmberten guͦt ✳ ze tuͤnd ✳ und lassend, ✳ nach irm nutz und willen, ✳ aͧn sin, ✳ des vˀkoͤuffers und ✳"
                    HPOS="2108"
                    VPOS="1551"
                    WIDTH="3332"
                    HEIGHT="82"></String>
          </TextLine>

          
          
          <TextLine ID="region_1514666321792_6l20"
                    
                    BASELINE="2094 1672 2272 1672 2450 1670 2629 1670 2807 1670 2986 1670 3164 1670 3342 1670 3521 1670 3699 1670 3878 1670 4056 1670 4235 1670 4413 1670 4591 1672 4770 1672 4948 1672 5127 1674 5305 1674 5484 1676" 
                    HPOS="2087"
                    VPOS="1596"
                    WIDTH="3394"
                    HEIGHT="94">
            <Shape><Polygon POINTS="2091 1670 2087 1604 5472 1596 5481 1674 5472 1690 2087 1678"/></Shape>
	    <String CONTENT="sinˀ erb̄e, ouch mengklichs ✳ sumen und insprechen ✳ Hans Kilcher, der verkoͤuffer obgen̄t, hàt ouch daruf fùr sich und sin erben ✳ vˀsprochē"
                    HPOS="2087"
                    VPOS="1596"
                    WIDTH="3394"
                    HEIGHT="94"></String>
          </TextLine>

          
          
          <TextLine ID="region_1514666321792_6l21"
                    
                    BASELINE="2072 1720 2250 1718 2428 1718 2606 1718 2785 1718 2963 1718 3141 1718 3320 1718 3498 1720 3676 1720 3855 1720 4033 1721 4211 1722 4390 1722 4568 1722 4746 1722 4925 1722 5103 1722 5281 1722 5460 1722" 
                    HPOS="2067"
                    VPOS="1657"
                    WIDTH="3389"
                    HEIGHT="90">
            <Shape><Polygon POINTS="2071 1719 2067 1657 5452 1665 5456 1719 5448 1747 2067 1743"/></Shape>
	    <String CONTENT="des koufs, wie vor stat, ✳ recht weren zesind ✳ und des guͦt, sicher werschaft nach recht ✳ zetuͤnd, ✳ wo, wen̄ und als dick das jarzitampt"
                    HPOS="2067"
                    VPOS="1657"
                    WIDTH="3389"
                    HEIGHT="90"></String>
          </TextLine>

          
          
          <TextLine ID="region_1514666321792_6l22"
                    
                    BASELINE="2090 1778 2266 1775 2442 1774 2618 1772 2794 1772 2971 1772 3147 1772 3323 1772 3499 1774 3675 1774 3852 1775 4028 1776 4204 1777 4380 1778 4556 1778 4733 1778 4909 1778 5085 1778 5261 1776 5438 1774" 
                    HPOS="2079"
                    VPOS="1715"
                    WIDTH="3357"
                    HEIGHT="90">
            <Shape><Polygon POINTS="2087 1776 2079 1719 5427 1715 5436 1772 5431 1805 2087 1805"/></Shape>
	    <String CONTENT="ze Kùngsfeld₎ und des pfleger ✳ des notdurftig sind oder werdent, ✳ und dawider, noch wider disen kouf, ✳ dis vertgung, ✳ noch eynich ir"
                    HPOS="2079"
                    VPOS="1715"
                    WIDTH="3357"
                    HEIGHT="90"></String>
          </TextLine>

          
          
          <TextLine ID="region_1514666321792_6l23"
                    
                    BASELINE="2094 1838 2272 1833 2451 1830 2629 1828 2808 1826 2986 1826 3165 1826 3343 1826 3522 1828 3700 1828 3879 1830 4057 1832 4236 1834 4414 1834 4593 1836 4771 1836 4950 1836 5128 1834 5307 1832 5486 1828" 
                    HPOS="2083"
                    VPOS="1768"
                    WIDTH="3402"
                    HEIGHT="98">
            <Shape><Polygon POINTS="2091 1837 2083 1772 5472 1768 5485 1825 5481 1837 2091 1866"/></Shape>
	    <String CONTENT="in̄halt niemer zekoment, zeredent, noch zetuͦnd ineynich wise, sunder das alles war, staͤt und vest zehalten ✳ mitt volkomner ver¬"
                    HPOS="2083"
                    VPOS="1768"
                    WIDTH="3402"
                    HEIGHT="98"></String>
          </TextLine>

          
          
          <TextLine ID="region_1514666321792_6l24"
                    
                    BASELINE="2088 1898 2268 1892 2448 1888 2628 1886 2808 1884 2989 1882 3169 1882 3349 1882 3529 1884 3709 1884 3890 1886 4070 1888 4250 1889 4430 1890 4610 1892 4791 1892 4971 1892 5151 1890 5331 1888 5512 1886" 
                    HPOS="2079"
                    VPOS="1813"
                    WIDTH="3430"
                    HEIGHT="106">
            <Shape><Polygon POINTS="2087 1895 2079 1837 5497 1813 5509 1882 5505 1891 2087 1919"/></Shape>
	    <String CONTENT="zichung alles des, so si dawider geschirmen odˀ behelfen moͤcht, deheins wegs. und beschach dis alles ingericht mitt recht un̄"
                    HPOS="2079"
                    VPOS="1813"
                    WIDTH="3430"
                    HEIGHT="106"></String>
          </TextLine>

          
          
          <TextLine ID="region_1514666321792_6l25"
                    
                    BASELINE="2102 1954 2279 1950 2456 1948 2633 1946 2810 1946 2987 1944 3164 1944 3342 1944 3519 1944 3696 1944 3873 1946 4050 1946 4227 1946 4405 1948 4582 1948 4759 1948 4936 1950 5113 1950 5290 1949 5468 1948" 
                    HPOS="2091"
                    VPOS="1887"
                    WIDTH="3373"
                    HEIGHT="94">
            <Shape><Polygon POINTS="2099 1952 2091 1895 5452 1887 5464 1944 5460 1964 2099 1981"/></Shape>
	    <String CONTENT="nach in̄halt der urteiln ✳ darub̄, ✳ nach min, des richters, frag ✳ von den urteilsprechnˀ, hernach genempt, einhelln̄klich uff irn eyd"
                    HPOS="2091"
                    VPOS="1887"
                    WIDTH="3373"
                    HEIGHT="94"></String>
          </TextLine>

          
          
          <TextLine ID="region_1514666321792_6l26"
                    
                    BASELINE="2112 2008 2289 2006 2467 2004 2644 2002 2822 2002 2999 2000 3177 2000 3355 2000 3532 2000 3710 2002 3887 2002 4065 2004 4242 2004 4420 2006 4598 2006 4775 2008 4953 2009 5130 2010 5308 2012 5486 2012" 
                    HPOS="2104"
                    VPOS="1944"
                    WIDTH="3381"
                    HEIGHT="90">
            <Shape><Polygon POINTS="2108 2005 2108 1944 5481 1948 5485 2009 5477 2034 2104 2030"/></Shape>
	    <String CONTENT="zuͦ recht erteilt und gesprochen, ✳ an und durch min, des obgen̄ richters, hand und des gerichts stab von des gerichtz wegen ✳ mitt"
                    HPOS="2104"
                    VPOS="1944"
                    WIDTH="3381"
                    HEIGHT="90"></String>
          </TextLine>

          
          
          <TextLine ID="region_1514666321792_6l27"
                    
                    BASELINE="2104 2062 2282 2058 2461 2057 2640 2056 2819 2054 2998 2054 3177 2054 3356 2056 3535 2056 3714 2058 3893 2060 4072 2060 4251 2062 4430 2064 4609 2066 4788 2068 4967 2070 5146 2072 5325 2074 5504 2074" 
                    HPOS="2095"
                    VPOS="1997"
                    WIDTH="3406"
                    HEIGHT="94">
            <Shape><Polygon POINTS="2099 2058 2095 1997 5497 2009 5501 2071 5493 2091 2095 2083"/></Shape>
	    <String CONTENT="mund, hand, worten, wercken und namlich mitt aller sicherheit und gewarsami, darzuͦ gehoͤrent ✳ notdurftig. ✳ und als das jetz"
                    HPOS="2095"
                    VPOS="1997"
                    WIDTH="3406"
                    HEIGHT="94"></String>
          </TextLine>

          
          
          <TextLine ID="region_1514666321792_6l28"
                    
                    BASELINE="2110 2116 2286 2114 2463 2112 2640 2112 2817 2110 2994 2112 3171 2112 3347 2113 3524 2114 3701 2116 3878 2118 4055 2120 4232 2122 4408 2124 4585 2124 4762 2126 4939 2128 5116 2128 5293 2128 5470 2128" 
                    HPOS="2104"
                    VPOS="2058"
                    WIDTH="3364"
                    HEIGHT="82">
            <Shape><Polygon POINTS="2108 2112 2108 2058 5464 2067 5468 2124 5460 2140 2104 2132"/></Shape>
	    <String CONTENT="und hinfùr allweg kraft, ✳ macht ✳ und handveste haben, ✳ steͣt beliben und die koͤuffer daran habent sin ✳ soͤllent und mogēt ✳ aͧn alles be¬"
                    HPOS="2104"
                    VPOS="2058"
                    WIDTH="3364"
                    HEIGHT="82"></String>
          </TextLine>

          
          
          <TextLine ID="region_1514666321792_6l29"
                    
                    BASELINE="2090 2170 2267 2168 2444 2166 2622 2166 2799 2166 2976 2166 3154 2168 3331 2168 3508 2170 3686 2172 3863 2174 4041 2176 4218 2176 4395 2178 4573 2180 4750 2180 4927 2182 5105 2182 5282 2180 5460 2180" 
                    HPOS="2083"
                    VPOS="2103"
                    WIDTH="3373"
                    HEIGHT="95">
            <Shape><Polygon POINTS="2087 2169 2083 2103 5452 2116 5456 2177 5452 2194 2087 2198"/></Shape>
	    <String CONTENT="krencken und widertriben und alles nach recht, sitt und gewonheit des gerichts und rechten des ampts uff Boͤtzberg alles un¬"
                    HPOS="2083"
                    VPOS="2103"
                    WIDTH="3373"
                    HEIGHT="95"></String>
          </TextLine>

          
          
          <TextLine ID="region_1514666321792_6l30"
                    
                    BASELINE="2112 2222 2289 2221 2466 2220 2643 2220 2821 2220 2998 2222 3175 2222 3352 2224 3530 2226 3707 2228 3884 2230 4061 2232 4239 2234 4416 2234 4593 2236 4770 2238 4948 2238 5125 2238 5302 2238 5480 2236" 
                    HPOS="2104"
                    VPOS="2161"
                    WIDTH="3373"
                    HEIGHT="94">
            <Shape><Polygon POINTS="2108 2218 2108 2161 5472 2165 5477 2234 5468 2255 2104 2247"/></Shape>
	    <String CONTENT="gevarlich. ✳ ✳ und sind hiebi ingericht und des urteilsprecher gesin ✳ die erbern ✳ Hans Maͤni, ✳ Heini Kùrn, ✳ Heini Lener, ✳ von Vilingen, ✳ Cuͤni ✳"
                    HPOS="2104"
                    VPOS="2161"
                    WIDTH="3373"
                    HEIGHT="94"></String>
          </TextLine>

          
          
          <TextLine ID="region_1514666321792_6l31"
                    
                    BASELINE="2094 2276 2272 2276 2450 2276 2628 2276 2806 2278 2985 2278 3163 2278 3341 2280 3513 2298 3691 2298 3876 2284 4054 2286 4232 2286 4410 2288 4588 2290 4767 2290 4945 2292 5123 2292 5301 2292 5480 2292" 
                    HPOS="2091"
                    VPOS="2210"
                    WIDTH="3386"
                    HEIGHT="98">
            <Shape><Polygon POINTS="2091 2275 2091 2210 5472 2226 5477 2288 5472 2308 2091 2308"/></Shape>
	    <String CONTENT="Smid und Hans Sen̄, von Raͤmingen, Hans Wùlser von Lin̄, ✳ Werna Stilli von Stilli ✳ und ander, all gesworn urteilsprecher des obgen̄"
                    HPOS="2091"
                    VPOS="2210"
                    WIDTH="3386"
                    HEIGHT="98"></String>
          </TextLine>

          
          
          <TextLine ID="region_1514666321792_6l32"
                    
                    BASELINE="2096 2334 2276 2334 2457 2332 2637 2332 2818 2332 2999 2332 3179 2332 3360 2334 3541 2334 3721 2336 3902 2336 4082 2338 4263 2340 4444 2340 4624 2342 4805 2342 4986 2344 5166 2344 5347 2344 5528 2342" 
                    HPOS="2095"
                    VPOS="2284"
                    WIDTH="3431"
                    HEIGHT="73">
            <Shape><Polygon POINTS="2095 2333 2095 2284 5526 2288 5526 2341 5522 2357 2095 2357"/></Shape>
	    <String CONTENT="gerichts des ampts uff Boͤtzberg. ✳ und des alles ze warem, vestem urkùnd hàt der obgen̄t min herr, der vogt zuͦ Schenkemberg, Peter"
                    HPOS="2095"
                    VPOS="2284"
                    WIDTH="3431"
                    HEIGHT="73"></String>
          </TextLine>

          
          
          <TextLine ID="region_1514666321792_6l33"
                    
                    BASELINE="2104 2388 2284 2386 2464 2385 2644 2384 2824 2384 3004 2384 3184 2384 3364 2386 3544 2386 3724 2388 3905 2390 4085 2390 4265 2392 4445 2394 4625 2396 4805 2398 4985 2398 5165 2400 5345 2400 5526 2402" 
                    HPOS="2095"
                    VPOS="2320"
                    WIDTH="3427"
                    HEIGHT="99">
            <Shape><Polygon POINTS="2099 2386 2095 2320 5517 2329 5522 2398 5513 2419 2095 2410"/></Shape>
	    <String CONTENT="von Wingarten, sin insigel von des gerichts und ir der secher und min, des richters, bett wegen doch im und sinē erben aͧn schadē"
                    HPOS="2095"
                    VPOS="2320"
                    WIDTH="3427"
                    HEIGHT="99"></String>
          </TextLine>

          
          
          <TextLine ID="region_1514666321792_6l34"
                    
                    BASELINE="2084 2444 2261 2444 2438 2442 2616 2442 2793 2442 2971 2442 3148 2442 3326 2444 3503 2444 3681 2446 3858 2448 4036 2450 4213 2450 4391 2452 4568 2454 4746 2456 4923 2456 5101 2458 5278 2460 5456 2460" 
                    HPOS="2075"
                    VPOS="2382"
                    WIDTH="3377"
                    HEIGHT="98">
            <Shape><Polygon POINTS="2083 2443 2083 2382 5448 2394 5452 2456 5444 2480 2075 2472"/></Shape>
	    <String CONTENT="offenlich gehenckt andisen brief, ✳ der Cuͦnrat Widmer, dickgen̄t, zuͦ handen des jarzitamptz ze Kùngsfeld₎, vorgen̄t, nach siner"
                    HPOS="2075"
                    VPOS="2382"
                    WIDTH="3377"
                    HEIGHT="98"></String>
          </TextLine>

          
          
          <TextLine ID="region_1514666321792_6l35"
                    
                    BASELINE="2096 2506 2270 2504 2444 2504 2618 2502 2792 2502 2966 2502 3140 2504 3314 2504 3488 2504 3662 2506 3837 2508 4011 2508 4185 2510 4359 2512 4533 2512 4707 2514 4881 2514 5055 2514 5229 2514 5404 2512" 
                    HPOS="2091"
                    VPOS="2451"
                    WIDTH="3312"
                    HEIGHT="144">
            <Shape><Polygon POINTS="2095 2505 2091 2451 5395 2451 5403 2509 5395 2574 5268 2550 5223 2574 5215 2582 5210 2582 5210 2582 5206 2582 5206 2582 5206 2582 5202 2582 5202 2582 5202 2582 5165 2574 5059 2550 4813 2550 4777 2574 4772 2578 4772 2578 4768 2578 4768 2578 4764 2578 4764 2578 4764 2578 4760 2578 4760 2578 4760 2578 4756 2578 4756 2578 4744 2574 4699 2554 4666 2574 4646 2591 4641 2591 4641 2591 4641 2591 4637 2591 4637 2591 4637 2595 4429 2595 4425 2591 4425 2591 4420 2591 4351 2574 4257 2550 4187 2574 4134 2591 4130 2591 4130 2591 4130 2591 4126 2591 4126 2591 4122 2591 4122 2591 4122 2591 4085 2574 4044 2550 4003 2574 3982 2582 3982 2582 3982 2582 3978 2582 3978 2582 3974 2582 3974 2582 3974 2582 3970 2582 3937 2574 3905 2562 3880 2574 3839 2591 3839 2591 3839 2591 3835 2591 3835 2591 3831 2591 3831 2591 3630 2570 3557 2566 3532 2570 3458 2591 3454 2591 3454 2591 3450 2591 3450 2591 3450 2591 3446 2591 3446 2591 3405 2570 3356 2550 2922 2550 2889 2570 2877 2578 2873 2578 2873 2578 2873 2578 2869 2578 2869 2578 2869 2578 2865 2578 2865 2578 2808 2570 2685 2550 2656 2570 2627 2591 2623 2591 2623 2591 2623 2591 2619 2591 2619 2591 2619 2591 2615 2591 2091 2566"/></Shape>
	    <String CONTENT="begerung vom gericht mitt urteil und recht also ze geben erteilt und beschechen ist des tags und jars als ob stàt ꝫcꝭ."
                    HPOS="2091"
                    VPOS="2451"
                    WIDTH="3312"
                    HEIGHT="144"></String>
          </TextLine>

          
        </TextBlock>
        

        
      </PrintSpace>
    </Page>
  </Layout>
</alto>
